3550 5166
786 441 828 452 ..
876 407 1007 504 23-

299 613 511 681 memoriam
527 614 744 702 exemplaris,
765 617 859 702 quod
874 614 1006 685 Suidae
1021 615 1058 684 in
1074 615 1240 685 manibus
1254 615 1331 701 fuit,
1351 641 1372 684 a
1389 615 1480 685 codi-

307 742 388 787 cum
402 719 651 808 Xenophontis
674 723 827 808 probant
841 721 937 807 vitia,
961 744 1052 811 quae
1070 723 1234 790 omnibus
1249 721 1347 790 libris
1362 727 1480 791 Xeno-

306 825 473 916 phonteis
497 849 578 893 cum
601 826 662 894 illo
685 839 771 895 sunt
793 829 1009 898 communia:

413 936 474 1003 IV.
491 938 520 1000 5.
537 938 579 999 24
604 935 738 1002 Omnes
761 933 841 1001 libri
862 935 1114 1023 Xenophontei
1136 938 1308 1025 praebent
1331 939 1479 1004 ἑπτακαί-

306 1044 396 1117 όειο,
442 1042 536 1127 quod
574 1041 806 1128 depravatum
852 1065 928 1110 esse
965 1042 1108 1131 plurimi
1154 1041 1362 1130 interpretes
1401 1065 1480 1110 con-

308 1146 481 1225 sentiunt;
506 1169 613 1234 quam
636 1149 870 1236 corruptelam
894 1150 989 1236 apud
1004 1150 1152 1218 Suidam
1176 1171 1315 1237 quoque
1338 1148 1479 1218 invenis

307 1254 343 1340 (s,
360 1278 392 1322 v.
417 1255 559 1340 δασμός),
583 1253 651 1320 nisi
675 1276 738 1342 pro
761 1254 882 1322 Attica
903 1258 1016 1323 sonna
1039 1257 1263 1324 ἑπτακαίδεκα
1286 1255 1402 1345 posita
1425 1266 1480 1323 est

306 1361 501 1447 Byzantina
525 1359 689 1428 δεκαεπτά.
736 1362 785 1429 cf.
809 1385 841 1449 p.
866 1367 917 1430 21.
1467 1421 1469 1428 .

411 1471 454 1536 V.
471 1475 500 1534 4.
520 1472 560 1534 12
583 1467 719 1553 ἔστησαν
734 1471 845 1557 ὥσπερ
862 1516 870 1532 .
885 1522 893 1536 .
909 1523 916 1536 .
932 1472 1066 1555 μάλιστα
1081 1471 1148 1537 οἷον
1165 1468 1233 1557 (vel
1250 1469 1290 1559 οἱ)
1306 1473 1405 1559 χοροί,
1429 1468 1479 1536 sic

310 1573 389 1640 libri
423 1575 673 1662 Xenophontis
712 1586 749 1642 et
782 1574 878 1645 Suid.
889 1577 911 1664 ¹)
947 1599 971 1643 s.
999 1600 1032 1644 v.
1068 1578 1338 1661 ἀντιστοιχοῦντες.
1396 1580 1502 1647 Post,

306 1685 444 1766 ἔστησαν
478 1680 610 1750 delevit
643 1685 758 1767 ὥσπερ
786 1683 1004 1770 StephanuS,
1039 1682 1132 1768 quod
1167 1683 1339 1749 suadente
1367 1685 1480 1755 Leon-

308 1787 421 1854 clavio
433 1799 726 1876 transposuerunt
738 1799 821 1855 ante
833 1787 864 1856 oi
875 1789 970 1874 χοροὶ
984 1811 1064 1854 eum
1075 1788 1233 1858 Weiskio
1242 1787 1479 1859 Schneiderus

307 1905 343 1960 et
365 1894 529 1962 nonnulli
553 1894 620 1962 alii.
668 1893 782 1962 Ceteri
806 1917 928 1961 omnes
952 1897 1061 1981 ὥσπερ
1083 1893 1269 1962 eiecerunt
1316 1896 1409 1982 Cip.
1427 1899 1478 1964 40.

411 2005 471 2070 IV.
501 2008 529 2067 7.
558 2006 578 2069 6
613 1999 712 2074 Libri
741 2005 830 2068 Xen.
860 2011 896 2068 et
923 1999 1020 2070 Suid.
1056 2001 1096 2089 (s
1121 2025 1152 2068 v.
1188 2001 1297 2090 πίτυς)
1335 2013 1480 2070 servant
1529 2069 1531 2074 .

305 2111 375 2173 ἀνθ’
400 2108 448 2174 ὧν
470 2106 654 2198 ἑστηκότες,
680 2129 787 2195 quam
801 2109 966 2175 voculam
989 2111 1060 2174 ἀνθ’
1084 2129 1161 2174 esse
1184 2117 1385 2195 corruptam
1408 2109 1478 2194 ple-

304 2213 403 2301 rique
425 2212 576 2281 editores
591 2235 799 2301 persuasum
815 2215 957 2282 habent.
986 2214 1189 2301 Stephanus
1206 2211 1356 2280 coniecit
1371 2214 1478 2299 ἐφ’ὥν,

304 2319 595 2388 Hutschinsonus
623 2312 737 2406 ὑφ’ὧν,
762 2324 968 2407 Kruegerus
984 2324 1091 2388 ἀντίον
1107 2321 1155 2387 ὧν
1171 2319 1370 2408 suspicatus
1387 2325 1478 2402 est.²)

412 2431 457 2496 11.
482 2434 511 2494 4.
536 2432 578 2493 22
617 2431 706 2494 Xen.
747 2415 845 2494 codd.
884 2429 1136 2493 a-Drrz
1173 2425 1326 2512 μείνειεν,
1373 2426 1478 2495 ceteri

303 2537 449 2620 μένοιεν;
476 2533 572 2604 Suid.
602 2533 638 2624 (s
662 2559 718 2602 vv.
750 2526 898 2602 involet
924 2525 1169 2622 όντοπέμψοιεν)
1192 2531 1344 2620 μείνειαν.
1391 2534 1478 2600 Din-

304 2639 437 2707 dorlius
452 2640 587 2727 primus
603 2639 714 2708 edidit
728 2645 876 2726 μείναίεν,
900 2661 1005 2727 quem
1021 2661 1144 2707 omnes
1167 2642 1239 2706 iere
1255 2650 1340 2726 sunt
1355 2639 1477 2709 secuti.

413 2751 518 2813 Porro
542 2757 684 2814 vetusta
707 2744 933 2833 interpolatio
956 2746 1098 2814 videtur
1121 2769 1197 2829 esse
1220 2746 1310 2813 illud
1333 2749 1478 2838 όεῇοον3)

305 2854 510 2920 Anabaseos
526 2857 566 2923 V.
589 2857 617 2920 2.
643 2859 682 2919 12
712 2855 755 2920 ab
780 2853 945 2921 omnibus
968 2852 1221 2920 recentioribus
1245 2852 1375 2921 criticis
1399 2875 1478 2920 can-

305 2959 401 3026 cellis
426 2958 740 3047 circumscriptum3
764 2960 978 3028 vocabulum
1001 2959 1038 3026 in
1055 2959 1187 3029 Suidae
1208 2982 1348 3047 quoque
1363 2981 1478 3027 exem·

303 3065 393 3152 plari
417 3065 577 3133 extitisse
598 3065 809 3155 perspicitur
833 3068 878 3154 gl.
903 3068 1158 3157 όιηγκολημένον.

411 3175 455 3239 ΙΙ.
473 3177 502 3240 4.
519 3177 561 3238 22
579 3174 676 3240 codd.
692 3177 782 3240 Xen.
799 3172 1030 3260 suppeditant
1050 3172 1240 3247 διελθόντες
1254 3167 1314 3264 τήν
1330 3176 1476 3264 γέφυραν,

303 3279 398 3365 quod
430 3279 630 3347 sententiae
663 3302 805 3367 prorsus
832 3290 1017 3367 repugnat
1069 3283 1195 3368 itaque
1224 3277 1295 3345 iarn
1323 3278 1477 3346 Zeunius

303 3385 447 3453 hortatu
475 3386 624 3459 Lacheri
660 3386 889 3474 negationem
919 3390 958 3454 οὗ
986 3385 1148 3473 imperite
1176 3384 1320 3453 addidit
1371 3388 1479 3451 Nunc

303 3493 484 3560 luculenta
512 3493 728 3561 Holzmanni
756 3491 957 3560 coniectura
986 3491 1149 3574 διελόντες
1172 3493 1216 3560 ab
1240 3491 1404 3559 omnibus
1428 3513 1478 3558 re-

304 3711 438 3786 capitum
454 3707 552 3780 citavi,
568 3712 678 3769 ceteris
691 3711 884 3781 editionibus,
899 3728 1027 3788 quarum
1043 3716 1206 3786 apparatus
1221 3711 1296 3768 levis
1312 3710 1477 3768 admodum

304 3808 396 3874 atque
430 3801 553 3876 exiguus
587 3807 641 3868 est,
676 3800 818 3858 adhibitis
852 3807 983 3869 tantum,
1016 3800 1070 3856 ubi
1104 3800 1197 3858 editio
1226 3799 1325 3857 Oxou.
1355 3798 1477 3857 defecit.

303 3887 483 3962 Siglisousus
506 3878 573 3946 sum
596 3889 655 3947 his:

390 4029 392 4036 ,
514 3973 518 3978 ’
582 3979 708 4038 mel:
720 3977 862 4036 meliores
885 3977 953 4036 libri
975 3977 1199 4052 Xenophontei,

593 4067 652 4128 det
665 4087 709 4122 =
722 4066 888 4124 deteriores
911 4067 978 4123 libri
1001 4065 1224 4141 Xenophontei.

413 4168 438 4250 ¹)
461 4173 567 4230 Suidae
591 4192 651 4231 om.
674 4170 748 4235 οἷον.

412 4260 438 4430 33
460 4262 674 4426 lglfiipqguirggm,
698 4270 731 4320 ut
752 4262 964 4328 Rehdantzius‚
988 4260 1154 4319 defenduut
1178 4244 1261 4323 ἄνθ’.
