3550 5166
816 397 1038 460 ..35-

341 607 434 672 dum
480 609 645 692 Namque
676 604 872 693 vestigium
906 605 1040 674 fraudis
1074 605 1111 673 in
1145 604 1350 672 melioribus
1378 626 1518 693 quoque

341 724 510 801 superest,
544 713 715 800 intellego
749 735 873 780 vocem
909 715 1035 804 δεῆσον,
1059 735 1150 800 quae
1173 711 1333 799 sequitur
1355 709 1392 777 in
1416 722 1518 778 textu

339 821 488 888 verbum
510 818 660 902 τοξεύειν.
707 819 837 908 Liquet
860 821 955 888 enim
979 831 1042 888 aut
1065 830 1214 907 utroque
1237 821 1315 886 loco
1335 841 1399 905 pro
1414 816 1520 884 inter-

339 930 459 1014 polato
482 928 687 994 habendum
711 938 774 995 aut
795 939 946 1016 utroque
968 927 1194 994 retinendum
1217 949 1295 992 esse
1318 929 1440 1015 δεῆσον.

449 1033 588 1101 Deinde
610 1035 644 1102 11.
669 1037 755 1103 aIV.
781 1039 846 1102 5.8
871 1045 907 1102 et
930 1037 994 1101 111.
1019 1039 1048 1101 4.
1065 1039 1107 1100 35
1131 1055 1203 1100 non
1226 1032 1368 1100 firmare
1388 1031 1520 1099 Suidae

340 1142 520 1227 exemplar
542 1140 774 1209 deterioribus
797 1163 874 1208 esse
897 1141 1204 1208 adnumerandum
1227 1138 1294 1206 etsi
1310 1140 1420 1206 falsae
1435 1149 1520 1205 sunt

340 1247 510 1314 lectiones
538 1248 671 1316 Suidae
699 1259 735 1314 et
760 1247 867 1315 huius
896 1247 1017 1315 classis
1044 1247 1137 1315 inira
1160 1269 1218 1335 pg.
1242 1251 1284 1312 37
1300 1268 1349 1332 sq.
1372 1243 1517 1313 videbis.

448 1358 533 1424 Una
555 1356 705 1421 fortasse
724 1354 891 1421 notabilis
906 1353 1068 1421 lectionis
1082 1352 1319 1440 discrepantia
1333 1352 1428 1419 inest
1441 1352 1518 1417 loco

341 1463 401 1529 IV.
419 1467 447 1527 4.
469 1466 524 1539 ll;
547 1471 730 1548 praestant
753 1459 848 1527 enim
871 1462 939 1528 det
964 1471 1000 1528 et
1020 1459 1116 1528 Suid.
1134 1461 1172 1547 (s.
1190 1484 1221 1527 v.
1239 1457 1387 1538 diuscule)
1404 1459 1441 1526 ds*
1456 1479 1519 1545 pro

340 1566 404 1657 γάρ
431 1568 527 1656 (post
553 1567 822 1653 aeramendum).
869 1569 940 1637 Sed
970 1567 1172 1634 cavebimus
1200 1589 1245 1633 ne
1272 1577 1415 1654 propter
1437 1585 1519 1630 eum

342 1675 537 1742 sentiamus
561 1674 719 1742 eiusdem
743 1674 862 1763 stirpis
886 1697 962 1742 esse
985 1674 1175 1742 deteriores
1198 1673 1305 1740 libros
1329 1683 1365 1740 et
1387 1671 1520 1741 Suidae

341 1783 527 1867 exemplar.
574 1785 669 1849 Nam
691 1779 845 1868 primum
869 1781 1011 1869 quidem
1027 1782 1124 1848 haud
1140 1779 1285 1847 difficile
1300 1779 1377 1846 lieri
1393 1777 1519 1866 potuit,

341 1897 383 1953 ut
405 1886 579 1975 particula
602 1889 639 1956 δὲ
662 1888 772 1956 altero
797 1887 965 1956 orationis
987 1889 1064 1954 loco
1090 1898 1164 1955 tam
1179 1887 1311 1954 usitata
1325 1886 1363 1952 in
1380 1886 1519 1952 duobus

343 1993 490 2061 diversis
529 1994 690 2062 lontibus
721 2017 785 2081 pro
817 1997 878 2084 γὰρ
910 1995 1152 2061 inculcaretur.
1203 1993 1350 2060 Accedit
1382 1991 1519 2074 deinde,

343 2102 436 2189 quod
460 2101 497 2167 in
518 2101 651 2171 Suidae
674 2111 879 2188 excerptum
904 2102 940 2170 δὲ
962 2101 1127 2188 perfacile
1150 2122 1264 2166 errore
1287 2099 1438 2186 irrepere
1460 2120 1520 2186 po

342 2208 419 2275 tuit
443 2207 572 2276 Suidas
602 2207 698 2274 enim
725 2207 776 2273 ita
799 2207 1009 2275 deformavit
1032 2208 1305 2295 Xenophontea:
1335 2205 1460 2288 Χιόνος
1483 2206 1521 2273 δὲ

331 2317 601 2394 'manummerias
634 2304 731 2394 ὄκνος
761 2305 803 2404 ἦν
833 2310 936 2394 nolle
967 2305 1177 2397 ἀνίστασθαι,
1211 2317 1451 2399 κατακειμένων
1483 2313 1519 2380 δὲ

342 2411 494 2500 ἇλεεινός
515 2413 553 2511 ἦν
569 2412 587 2487 ὁ
602 2418 728 2506 χειμών,
753 2424 821 2506 ὅτῳ
839 2415 886 2510 μὴ
904 2425 1111 2512 παραρῥυείη,
1135 2431 1176 2488 ut
1191 2431 1333 2487 noceret
1349 2421 1385 2488 δὲ
1400 2419 1519 2507 paullo

342 2528 561 2594 antecedens

822 2674 1036 2684 —.———..

828 2830 946 2915 Caput
969 2831 1038 2900 Vll.

451 2971 525 3036 Illis
553 2970 639 3037 locis
667 2971 833 3038 detractis
865 2974 1006 3038 nullum
1036 2982 1195 3061 superest
1227 2970 1398 3038 indicium
1425 2970 1519 3058 quod

342 3078 490 3164 probare
520 3076 634 3163 possit
668 3076 796 3144 artiore
824 3079 978 3166 quodam
1006 3079 1148 3147 vinculo
1184 3077 1410 3146 coniunctam
1444 3099 1521 3144 esse

342 3181 549 3250 memoriam
580 3181 712 3252 Suidae
745 3207 826 3251 cum
848 3187 971 3254 ‚altera
1004 3184 1145 3253 familia
1200 3188 1257 3251 Ne
1287 3207 1371 3251 vero
1403 3206 1521 3250 neces-

343 3289 485 3357 sitatem
514 3299 713 3357 statuamus
741 3290 833 3358 inter
856 3291 923 3358 hos
947 3303 1054 3360 testes
1077 3291 1231 3380 primunr
1254 3289 1403 3379 impedit
1425 3291 1519 3378 quod

343 3396 472 3465 Suidas
496 3396 601 3464 toties
624 3398 696 3464 iere
721 3420 801 3465 cum
823 3398 1028 3467 melioribus
1052 3398 1230 3485 conspirat
1252 3398 1351 3464 libris
1373 3437 1414 3447 -—
1436 3407 1521 3463 sunt

343 3503 410 3570 loci
434 3503 671 3591 quadraginta
693 3515 828 3593 septem
846 3545 888 3554 ——
905 3506 1042 3594 quoties
1066 3527 1147 3572 cum
1162 3504 1402 3587 deterioribus,
1426 3502 1519 3588 quod

342 3608 558 3694 miraremur,
582 3610 612 3677 si
636 3612 680 3677 ad
704 3612 796 3679 hanc
817 3614 964 3680 classem
980 3612 1219 3678 reducendum
1235 3621 1328 3678 esset
1342 3611 1522 3695 exemplar

345 3693 595 3804 lexico‘graphi.
643 3717 782 3784 Deinde
804 3717 1024 3803 lectionibus
1048 3741 1135 3807 quas
1151 3718 1280 3788 Suidas
1303 3738 1384 3783 curn
1407 3716 1520 3805 prima

342 3845 453 3890 manu
486 3821 616 3889 codicis
649 3824 676 3890 C
707 3824 816 3893 habet
850 3847 1055 3892 communes
1083 3847 1244 3912 quaeque
1276 3824 1320 3890 ab
1355 3823 1520 3891 omnibus

343 3952 448 3998 verae
481 3940 654 4017 putantur
688 3943 810 3998 contra
844 3931 1043 4018 propiorem
1078 3930 1287 4018 exemplaris
1321 3930 1453 3998 Suidae
1485 3940 1522 3997 et

345 4035 558 4105 deteriorum
580 4036 785 4105 societatem
808 4037 959 4105 testibus
982 4050 1070 4107 utor.

379 4148 404 4210 Ι.
430 4149 457 4211 8.
483 4150 502 4211 9
550 4145 657 4232 Cpr,
680 4145 777 4214 Suid.
803 4150 839 4225 [S.
855 4169 887 4212 v.
912 4149 1046 4236 γέρῥοιν)
1069 4130 1243 4212 οπεῖναι.

380 4254 405 4316 1.
430 4256 458 4317 9.
484 4255 503 4316 6
550 4251 578 4318 C
599 4275 658 4338 pn,
682 4252 775 4319 Suid.
801 4253 842 4341 (S.
859 4254 892 4318 h.
908 4254 956 4340 v.)
978 4253 1145 4336 κατέκανε;
1170 4264 1232 4320 cet.
1256 4257 1438 4319 κατέκτανε.

360 4360 405 4424 Π.
431 4364 459 4426 3.
488 4363 527 4424 18
552 4359 580 4427 C
602 4382 660 4446 pn,
685 4359 777 4426 Suid.
802 4366 840 4443 (S.
857 4383 888 4426 v.
913 4364 1045 4448 εὕρημα)
1069 4381 1137 4426 om.
1163 4363 1255 4427 κακά.
1288 4351 1293 4364 ’
