3550 5166
745 403 1057 466 -35-.

266 612 370 696 Quod
386 609 524 696 vitium,
548 611 578 679 si
600 609 726 679 vitium
744 623 799 680 est
814 651 855 662 ——
874 612 1166 682 Hutschinsonus
1182 614 1261 683 vult
1274 608 1382 698 Σάρον
1398 653 1441 664 -

265 718 316 806 (ci.
333 741 364 804 p.
382 723 436 801 31)
460 717 562 786 facile
584 717 806 786 librariorum
829 741 943 786 errore
966 719 1063 786 nasci
1086 721 1212 810 potuit.

371 827 430 894 IV.
455 830 485 891 3.
512 829 550 890 12
575 826 652 909 det,
676 824 773 894 Suid.
797 826 836 912 (S.
853 827 886 892 h.
903 828 949 911 v.)
973 831 1197 914 νενσούμενοι;
1220 824 1298 894 mel.
1322 826 1441 896 πευσό-

261 954 374 1018 μενοι;
409 931 640 1000 restituerunt
675 931 785 999 critici
820 931 1014 1019 νευσόμενοι.
1074 934 1275 1002 Consensus
1309 933 1441 1004 Suidae

263 1049 299 1105 et
322 1036 535 1105 deteriorum
557 1037 691 1106 nullius
714 1049 769 1106 est
790 1038 971 1123 momenti,
995 1063 1078 1108 nam
1100 1039 1186 1108 satis
1208 1052 1346 1109 constat
1361 1040 1442 1108 scri-

261 1146 325 1212 bas
348 1143 510 1212 indoctos
532 1167 700 1233 persaepe
723 1145 886 1213 intulisse
908 1156 950 1213 ut
963 1150 1168 1235 πλεοσοῦμαι
1183 1169 1245 1235 pro
1261 1151 1442 1233 πλεύσομαι

261 1253 312 1320 ita
335 1257 510 1339 νεοσοῦμαι
533 1275 596 1339 pro
619 1256 785 1338 νεύσομαι.

370 1363 453 1426 Non
478 1359 579 1426 aliter
602 1381 639 1426 se
662 1360 797 1427 habent

371 1469 430 1536 IV.
456 1471 484 1532 5.
509 1470 550 1533 36
576 1466 652 1548 det,
676 1465 773 1535 Suid.
790 1467 830 1553 (s.
843 1491 874 1534 v.
892 1469 1049 1552 περιδεῖν)
1075 1465 1194 1535 σακκία
1209 1490 1273 1554 pro
1289 1467 1389 1534 σαιία
1405 1478 1441 1535 et

370 1576 430 1642 1V.
455 1578 482 1638 7.
508 1578 549 1639 22
574 1574 651 1657 det,
674 1572 771 1642 Suid.
796 1580 836 1657 (s.
852 1598 884 1641 v.
901 1574 1029 1664 με’ῤῥον)
1054 1575 1184 1644 δασέων
1206 1596 1270 1661 pro
1294 1575 1441 1657 δασειῶν,

263 1678 424 1747 similiter
447 1679 542 1746 enim
565 1677 705 1767 saepius
726 1678 948 1747 librariorum
964 1679 1163 1749 temeritate
1177 1690 1362 1768 peccatum
1377 1691 1439 1748 est

370 1790 429 1855 IV.
454 1791 482 1853 5.
507 1789 550 1852 36
574 1787 651 1870 det,
674 1785 772 1856 Suid.
797 1787 836 1873 (s.
852 1787 886 1853 b.
903 1786 951 1873 v.)
977 1789 1132 1873 περιδεῖν;
1155 1790 1233 1855 mel.
1256 1791 1441 1878 περιειλεῖν.

262 1892 380 1977 Vides,
404 1915 510 1980 quam
535 1892 637 1960 facile
660 1914 754 1960 error
777 1892 859 1960 oriri
882 1893 1045 1981 potuerit

370 2003 430 2068 IV.
451 2005 476 2066 1.
497 2005 536 2066 18
553 2001 630 2083 det,
646 1999 744 2069 Suid.
761 2001 800 2087 (S.
818 2025 849 2068 v.
868 1999 999 2087 στολάς)
1012 1998 1185 2083 σπολάδος
1197 2002 1276 2068 mel
1288 2000 1440 2086 πολάδος,

263 2129 307 2173 ex
323 2129 393 2195 quo
409 2105 602 2193 repositum
618 2117 673 2174 est
689 2104 865 2187 σπολάδος.
912 2106 951 2175 Si
967 2109 1097 2174 falsum
1112 2118 1166 2175 est
1177 2106 1265 2173 illud
1278 2107 1441 2188 σπολάδος

263 2215 418 2281 declarat
440 2217 529 2280 Xen.
553 2215 665 2282 Anab.
690 2216 753 2280 111.
778 2218 806 2280 3.
832 2218 874 2279 20
898 2212 1031 2280 scribas
1061 2211 1234 2280 industrie
1258 2216 1381 2294 σπολὰς
1403 2213 1440 2280 in

263 2316 385 2400 σεολδς
406 2321 614 2408 depravare:
638 2342 709 2407 quo
732 2320 808 2387 loco
833 2330 869 2387 et
892 2342 911 2386 e
933 2319 1138 2388 melioribus
1161 2330 1198 2387 et
1221 2343 1241 2386 e
1264 2319 1441 2388 deteriori-

263 2427 330 2495 bus
352 2426 471 2516 prodit
495 2424 664 2507 σπολάδες.

374 2537 450 2600 Nec
482 2532 611 2600 mirum
646 2544 701 2601 est
732 2535 825 2620 quod
855 2536 915 2601 IV.
946 2539 972 2600 7.
1005 2538 1046 2599 22
1079 2533 1116 2599 in
1145 2533 1376 2602 deterioribus
1404 2546 1441 2602 et

269 2641 365 2726 apud
387 2639 536 2708 Suidam
562 2643 600 2725 (s
617 2664 648 2706 v.
673 2643 797 2729 γέῤῥον)
819 2640 943 2707 eadem
966 2651 1145 2728 comparet
1167 2663 1313 2728 perpera
1336 2639 1441 2728 scrip-

265 2756 344 2813 tura
377 2745 549 2832 ῶμοβόινα
579 2768 643 2832 pro
670 2745 856 2812 meliorum
885 2737 1063 2832 ῶμοβόεια;
1097 2745 1182 2814 talia
1209 2746 1305 2813 enim
1332 2750 1441 2816 verba

265 2851 416 2940 duplicis
444 2855 576 2920 formae
606 2854 650 2919 ad
680 2851 864 2919 libidinem
888 2853 1148 2941 descripserunt
1170 2852 1311 2930 librarii,
1339 2855 1440 2922 cuius

263 2959 313 3026 rei
346 2960 517 3028 disertum
544 2971 599 3028 est
627 2959 870 3027 testimonium
897 2959 1009 3028 Anab.
1039 2963 1098 3028 IV.
1129 2966 1156 3026 7.
1185 2964 1237 3037 26,
1266 2983 1335 3048 quo
1362 2963 1440 3030 loco

265 3077 448 3135 exaratum
480 3068 591 3135 habes
624 3057 818 3154 ῶμσβοίνων
849 3089 913 3155 pro
947 3057 1140 3152 ὠμοβοείων
1171 3066 1209 3134 in
1236 3067 1440 3136 melioribus

264 3173 369 3241 libris.

375 3282 545 3367 ldemque
573 3280 803 3348 iudicandum
826 3291 881 3348 est
903 3282 947 3349 de
970 3282 990 3348 l.
1014 3284 1074 3349 IV.
1099 3284 1127 3348 5.
1153 3286 1204 3365 28,
1228 3280 1288 3348 ubi
1312 3283 1380 3348 det
1405 3293 1440 3349 et

264 3386 358 3454 Suid.
388 3388 427 3474 (S.
449 3413 480 3455 v.
505 3388 706 3474 σομμαθεῖν)
736 3388 907 3474 praebent
933 3389 1034 3474 πόμα,
1065 3388 1144 3454 mel.
1167 3393 1266 3474 πῶμα
1294 3399 1330 3455 et
1352 3389 1396 3456 de
1419 3390 1439 3455 1.

265 3497 324 3563 IV.
349 3500 377 3560 4.
402 3501 431 3577 4,
460 3493 520 3560 ubi
549 3495 617 3561 det
647 3505 683 3562 et
710 3493 806 3563 Suid.
836 3496 875 3584 (s
892 3519 947 3562 νν.
977 3486 1130 3581 ἅνέβαλεν
1158 3505 1194 3561 et
1221 3494 1347 3583 παρείη)
1376 3517 1440 3584 pro

270 3600 447 3690 Τιρίβαζος
470 3600 640 3669 exhibent
667 3601 856 3690 Τηρίβαζος

371 3712 497 3794 Neque
524 3708 601 3775 loco
630 3711 684 3775 al.
709 3713 737 3775 2.
763 3713 801 3773 21
830 3711 880 3791 (cl.
897 3731 928 3794 p.
946 3707 1000 3797 31)
1028 3707 1160 3776 Suidae
1188 3706 1292 3775 lectio
1316 3707 1440 3776 deteri-

265 3812 384 3881 oribus
411 3815 567 3884 debetur.
615 3814 760 3886 Etenim
788 3827 906 3892 servat
928 3813 1025 3882 Suid.
1050 3813 1164 3903 ἰσχερσὶ
1191 3815 1248 3882 καὶ
1272 3808 1440 3904 ἀμήχανος

264 3917 421 3989 εἰσελθεῖν
436 3921 521 4010 (scil.
547 3915 646 4006 ὁδός),
663 3933 785 3990 contra
802 3921 990 3990 deteriores
1006 3921 1126 4009 inepte
1142 3923 1289 3989 tradunt
1304 3926 1440 4007 ἰσχυρῶς

263 4027 319 4094 καὶ
343 4019 509 4118 ἀμήχανος
531 4028 704 4097 εἰσελθεῖν.
744 4085 747 4092 .

375 4139 480 4201 Porro
509 4134 596 4201 illud
624 4138 744 4227 δεῆσον
770 4135 838 4202 1οεὶ
867 4139 933 4205 aV.
959 4140 986 4202 2.
1015 4140 1053 4201 12
1082 4138 1133 4220 (ci.
1149 4161 1181 4225 p.
1198 4140 1253 4216 33)
1282 4133 1311 4202 si
1335 4135 1440 4203 inter-

264 4242 423 4330 polatum
447 4252 502 4308 est
522 4281 564 4290 -
580 4241 738 4329 plerique
754 4240 905 4309 editores
920 4240 1140 4308 incluserunt
1156 4245 1330 4331 δεῆσον-
1346 4243 1440 4308 hane

265 4346 573 4435 interpolationem
589 4347 713 4414 iamin
730 4350 921 4436 archetypo
937 4347 1097 4416 extitisse
1112 4349 1214 4416 nobis
1231 4359 1285 4416 est
1300 4370 1440 4415 sumen·
1468 4425 1470 4428 ¹
