3550 5166
798 396 1021 457 ..14-

316 627 448 693 pessus.
495 608 621 692 Neque
653 615 771 672 tamen
804 601 1055 672 affirmaverim
1087 601 1281 691 genuinam
1310 599 1493 690 archetypi

318 710 528 799 scripturam
551 709 738 780 retinuisse
759 708 889 779 librum
910 712 944 778 A
967 710 1053 777 locis

424 820 483 887 IV.
509 823 537 884 7.
562 821 604 883 22
628 840 653 884 s,
674 841 705 885 v.
730 820 853 904 γέῤῥον.
898 819 930 882 Α
953 819 1139 903 ὠμοβώινα,
1161 818 1195 882 Ε
1215 817 1404 903 ὠμοβόεινα,
1429 825 1496 882 cet.

318 926 497 1010 ὠμοβόινα;

424 1033 468 1097 II.
494 1034 521 1097 6.
548 1035 586 1097 21
613 1053 637 1098 s.
662 1055 694 1098 v.
721 1032 852 1098 Μένων.
897 1034 928 1096 Α
953 1019 1030 1121 ᾤετο
1059 1032 1137 1096 ὁδόν
1170 1029 1263 1119 (cum
1289 1025 1499 1096 melioribus

318 1135 418 1204 libris
440 1136 543 1226 Xeu.)
567 1147 629 1205 cet
654 1139 731 1204 ὄὸὁν
754 1141 831 1226 ᾤετο
856 1138 949 1224 (cum
973 1135 1204 1205 deterioribus
1226 1136 1343 1223 Xen.);

426 1247 485 1314 IV.
503 1249 531 1311 5.
549 1247 591 1310 25
608 1266 633 1311 s.
650 1269 681 1310 v.
697 1247 776 1330 χιλή.
813 1253 854 1313 A
866 1247 1037 1330 ἐτρέφοντο
1053 1243 1146 1332 (cum
1162 1241 1367 1311 melioribus
1382 1242 1499 1329 Xen.)y

320 1349 428 1418 ceteri
451 1351 601 1436 ἐτρέφετο
625 1351 718 1437 (cum
741 1349 971 1419 deterioribus
994 1352 1110 1438 Xeu.);

426 1459 485 1526 IV.
510 1461 539 1524 3.
568 1461 607 1523 10
631 1479 657 1527 s.
679 1481 710 1524 v.
735 1459 823 1544 ἐξείη.
874 1459 907 1524 Α
931 1458 979 1544 (et
1001 1457 1034 1528 E
1056 1480 1100 1525 m.
1125 1456 1203 1546 sec)
1226 1460 1377 1525 καθεύδει
1400 1459 1496 1544 (cum

317 1562 408 1631 libro
431 1565 464 1630 A
486 1565 599 1650 Xen.)‚
623 1572 687 1630 cet.
709 1566 864 1631 καθεύδοι
888 1565 981 1651 (cum
1006 1562 1130 1631 ceteris
1152 1562 1251 1632 libris
1274 1565 1385 1651 Xen.).

426 1669 508 1737 Sola
551 1668 646 1737 enim
665 1657 671 1662 ¹
689 1669 819 1738 codicis
857 1672 887 1736 A
926 1669 1135 1739 auctoritate
1177 1669 1259 1738 illae
1302 1668 1502 1758 scripturae

320 1787 492 1843 tutantur.

427 1882 534 1956 Liber
562 1883 590 1951 C
616 1883 768 1972 denique
802 1906 874 1952 non
903 1883 1013 1951 alium
1044 1885 1189 1971 praebet
1220 1906 1326 1951 usum
1358 1881 1427 1949 nisi
1455 1893 1503 1950 ut

321 1990 451 2056 damna
474 1988 603 2057 codicis
618 1992 652 2059 V
667 1992 837 2079 suppleat
885 1991 1042 2058 Maxima
1059 1989 1204 2078 quidem
1226 1989 1317 2057 fides
1332 1989 1497 2057 habenda

320 2106 375 2164 est
397 2095 617 2181 lectionibus,
639 2119 731 2184 quae
754 2098 798 2165 ab
819 2107 969 2184 utraque
992 2095 1126 2164 familia
1150 2097 1450 2165 commendantur.

428 2205 554 2290 Neque
577 2224 661 2270 vero
678 2202 848 2270 librorum
871 2202 1081 2271 auctoritate
1105 2201 1251 2290 cognita
1273 2213 1380 2290 atque
1403 2214 1501 2269 recte

320 2331 494 2396 perpensa
529 2307 660 2396 ubique
693 2308 851 2397 genuina
886 2309 1018 2379 Suidae
1056 2308 1229 2397 scriptura
1266 2320 1407 2396 praesto
1440 2308 1501 2377 fit:

322 2416 453 2484 etenim
469 2413 557 2483 vitia
580 2414 745 2484 omnibus
767 2415 865 2484 libris
881 2415 1132 2502 manuscriptis
1156 2414 1357 2483 communia
1380 2416 1503 2483 arche*

323 2533 457 2610 typum,
481 2523 576 2589 unde
599 2544 721 2590 omnes
743 2521 823 2590 libri
840 2521 1003 2593 Suidiani
1028 2521 1203 2610 originem
1226 2521 1401 2608 duxerint,
1424 2545 1498 2590 non

322 2629 393 2696 iam
416 2651 559 2716 prorsus
582 2627 762 2718 integrum
785 2629 894 2697 luisse
918 2631 1161 2716 comprobant:

429 2738 475 2805 11.
505 2739 533 2803 6.
571 2740 613 2802 26
648 2759 674 2803 s.
707 2761 739 2804 v.
766 2737 889 2803 Μένων
929 2745 1038 2803 testes
1077 2757 1199 2803 omnes
1238 2737 1283 2803 ad
1321 2758 1387 2803 nos
1421 2757 1501 2822 pro-

321 2853 547 2930 pagaverunt
574 2845 776 2929 exemplum
803 2843 908 2909 valde
937 2854 1141 2929 corruptum
1171 2843 1229 2910 καὶ
1257 2831 1342 2928 παρ’
1366 2834 1417 2915 οἷς
1437 2843 1498 2926 μὲν

323 2953 471 3034 ἐπεχείρει
492 2952 676 3034 πρωτεύειν,
700 2951 880 3035 διαβάλλων
901 2952 1015 3034 φιλίαν,
1037 2951 1112 3031 τοὺς
1133 2953 1280 3038 πρώτους
1298 2952 1401 3034 τούτῳ
1416 2951 1503 3039 ᾤετο

325 3059 393 3123 δεῖν
415 3058 603 3140 κτήσασθαι.

431 3164 490 3231 IV.
512 3167 540 3228 7.
566 3165 605 3228 16
626 3185 651 3230 ε.
672 3186 703 3229 ν.
728 3165 846 3248 ξυήλην
868 3184 932 3249 pro
955 3166 1075 3252 σπάρτα
1098 3161 1175 3230 sine
1198 3184 1305 3230 sensu
1328 3160 1500 3229 exhibent

323 3271 353 3334 A
371 3273 399 3336 B
422 3273 469 3343 ὡς
490 3271 579 3355 παρὰ
601 3272 651 3346 τά,
674 3271 707 3338 V
730 3272 777 3343 ὡς
798 3272 894 3358 παρά,
919 3270 951 3340 E
973 3272 1047 3355 napi
1068 3273 1115 3338 τά.

431 3378 456 3443 Ι.
482 3380 510 3443 9.
535 3380 555 3442 6
579 3398 603 3443 s.
627 3400 658 3444 v.
682 3375 855 3444 κατέκανεν
881 3397 945 3463 pro
975 3378 1039 3443 ἀτιό
1066 3385 1122 3444 τοῦ
1150 3380 1255 3444 ἵιτνιου
1283 3375 1403 3463 inepte
1431 3397 1505 3442 ser-

245 3562 252 3578 Ι
324 3493 413 3550 vant
435 3482 607 3552 ABVE
630 3483 694 3548 ὑπὸ
716 3490 772 3550 τοῦ
796 3487 909 3551 ἵππον.

432 3590 493 3657 IV.
518 3592 546 3654 5.
571 3592 614 3654 27
642 3590 687 3656 ad
715 3590 871 3676 glossam
898 3592 1033 3680 γόνατον
1061 3590 1209 3657 adnotat
1236 3590 1504 3675 Bemhardyus:

324 3697 457 3770 „Locus
479 3695 745 3782 Xenophontem
773 3697 814 3762 ab
845 3696 1016 3784 impartias
1046 3697 1238 3762 hominibus
1268 3697 1431 3770 invectas,
1463 3697 1509 3762 iar

325 3808 377 3868 ast
397 3803 534 3888 glossae
567 3805 693 3886 γονύαιν
726 3803 809 3868 olim
843 3803 881 3868 in
908 3803 1065 3890 margine
1100 3804 1270 3890 ascnptns
1297 3807 1333 3869 et
1358 3803 1504 3869 consilia

325 3932 371 3974 an
395 3915 519 3975 tamara
544 3909 606 3974 sab
627 3910 793 3996 specainan
820 3931 925 3976 novae
947 3911 1182 3976 annotationis
1207 3917 1372 3976 caactas.“
1418 3912 1501 3994 Qua

325 4014 597 4103 interpolatione
620 4016 782 4083 laborant
805 4037 927 4083 omnes
951 4014 1096 4083 codices

434 4124 461 4187 I.
490 4127 514 4189 1.
539 4128 559 4189 7
583 4144 607 4189 s.
624 4145 656 4190 v.
679 4124 853 4208 ὑπολαβὼν
876 4133 912 4189 et
935 4125 961 4189 1.
986 4127 1014 4190 2.
1039 4126 1078 4189 21
1105 4145 1129 4190 s.
1146 4146 1177 4190 v.
1203 4124 1354 4208 ἁμαξιτὸς
1377 4144 1500 4190 omnes

326 4227 405 4295 libri
429 4227 591 4298 Suidiani
615 4229 756 4296 Malcho
784 4227 992 4314 attribuunt,
1021 4251 1111 4318 quae
1134 4240 1219 4296 sunt
1240 4228 1505 4319 Xenophontis.

328 4336 436 4401 Haud
460 4333 613 4420 fortuito,
642 4345 762 4402 censet
785 4335 1041 4421 Bemhardyus,
1071 4335 1202 4404 Malchi
1225 4358 1355 4412 nomen
1379 4337 1503 4403 sedem
