3550 5166
798 377 1021 440 „20-

318 584 405 678 locis
438 586 546 653 verba
579 584 729 674 protulit
761 584 910 674 integra,
946 584 1012 660 etsi
1040 589 1086 654 ad
1116 590 1311 658 ornandam
1340 591 1498 676 glossam

317 692 440 759 multis
464 714 580 760 carere
601 691 726 780 potuit.

426 799 642 887 Frequenter
669 797 799 869 Suidas
830 797 974 867 initium
1006 799 1158 888 exempli
1191 800 1335 870 liberius
1364 804 1504 870 consor·-

317 905 438 990 mavit,
462 916 568 994 atque
584 907 811 976 observamus
826 905 977 974 libenter
991 928 1074 974 eum
1096 909 1297 996 fragmenta
1312 906 1504 977 instituere

318 1011 434 1081 verbis
464 1010 497 1082 oi
525 1013 561 1082 δὲ
588 1014 645 1080 vel
670 1003 688 1080 ὁ
712 1015 756 1097 δέ,
779 1011 880 1081 cuius
908 1035 993 1080 usus
1016 1013 1114 1081 haud
1136 1037 1250 1102 pauca
1273 1015 1497 1103 reperiuntur
1562 1025 1565 1030 “

319 1121 488 1208 exempla,
510 1120 610 1187 velut

426 1231 452 1296 Ι.
482 1231 511 1293 5.
540 1231 559 1292 8
587 1230 679 1294 Xen.
702 1227 814 1294 Anab.
844 1224 992 1294 ἐκέλευσε
1019 1228 1096 1308 τοὺς
1123 1229 1200 1317 περὶ
1228 1253 1257 1296 κ.
1281 1255 1305 1295 ι.
1329 1229 1369 1313 λ;
1398 1228 1503 1298 Suid

318 1335 354 1422 (a.
372 1358 403 1401 ν.
429 1331 708 1421 συνεπισπεῦσαι)
733 1324 750 1400 ὁ
775 1333 812 1402 δὲ
834 1335 960 1401 conve
981 1359 1010 1399 κ.
1026 1336 1096 1401 τί

425 1442 489 1506 111.
507 1444 535 1506 5.
557 1444 596 1505 18
620 1440 709 1506 Xen.
733 1440 844 1507 Anab.
869 1438 930 1505 ἐπὶ
945 1443 1076 1520 τούτοις
1090 1443 1255 1509 ἐθύσαντο
1271 1466 1298 1508 u
1314 1468 1339 1507 τ.
1355 1444 1382 1510 λ.
1399 1439 1500 1511 Suid.

320 1553 355 1636 (S.
372 1571 404 1614 v.
429 1537 583 1632 ὁπηνίκα)
607 1543 639 1614 oi
663 1546 699 1615 δὲ
722 1543 884 1614 ἐθύσαντο
906 1571 936 1613 τ.
950 1572 976 1614 τ.
993 1548 1020 1612 λ.

426 1655 486 1722 IV.
506 1658 531 1720 l.
545 1657 565 1718 5
577 1655 666 1719 Xen.
678 1654 790 1720 Anab.
804 1642 871 1720 ἇπδ
883 1655 1141 1743 παραγγέλσεως
1155 1656 1363 1742 πορειύμενοι
1374 1681 1405 1721 κ.
1415 1679 1444 1722 τ.
1456 1658 1500 1740 λς
1591 1679 1596 1689 ·

319 1759 418 1830 Suid.
448 1760 484 1847 (S.
506 1783 537 1828 v.
562 1753 627 1827 ἀπὸ
650 1762 910 1850 παραγγέλσεως)
933 1763 964 1828 οἱ
986 1759 1023 1828 δὲ
1047 1753 1119 1828 ύπδ
1142 1785 1258 1852 παραγ.
1281 1786 1352 1850 πορ.
1375 1787 1405 1830 κ.
1421 1787 1450 1830 τ.
1467 1789 1497 1831 κ.

427 1869 486 1936 IV.
514 1871 540 1932 l.
566 1869 586 1932 6
600 1869 697 1933 Xen.
713 1867 824 1933 Anab.
849 1869 929 1934 ἔνθα
952 1861 991 1956 δῇ
1008 1869 1207 1958 Χειρίσοφος
1222 1893 1249 1934 u
1266 1894 1293 1934 τ.
1310 1870 1352 1953 λ.;
1368 1867 1504 1937 Suidas

321 1976 358 2062 (ε.
374 1999 405 2042 v.
430 1973 598 2064 γυμνῆται)
623 1964 640 2041 ὃ
663 1975 698 2040 δὲ
719 1977 915 2064 Χειρίσοφος
936 1999 964 2040 κ,
980 1998 1007 2041 τ.
1022 1975 1048 2040 λ.

431 2083 490 2150 IV.
515 2086 543 2147 4.
564 2084 604 2146 16
619 2083 709 2146 Xen.
725 2081 839 2148 Anab.
857 2068 962 2165 ἅνδρα
980 2080 1017 2148 δὲ
1031 2075 1197 2165 συλλαβιδν
1215 2106 1243 2147 κ,
1259 2106 1286 2147 τ.
1303 2083 1346 2164 λς
1368 2080 1503 2150 Suidas

320 2196 361 2273 (s.
378 2213 409 2256 v.
435 2185 586 2277 σάγαρις)
611 2177 629 2253 ὁ
653 2187 689 2254 δὲ
713 2189 816 2275 ἄνδρα
839 2181 1009 2272 συλλαβών
1030 2213 1058 2254 κ.
1071 2212 1100 2254 τ.
1114 2189 1140 2254 λ.

429 2293 526 2362 Huic
547 2290 789 2380 lexicographi
813 2292 1061 2360 consuetudini
1082 2291 1202 2381 potius
1225 2292 1503 2379 vindicabimus

322 2402 415 2490 quod
440 2424 465 2468 s
480 2425 514 2468 v.
537 2395 646 2467 παλτὰ
669 2422 741 2466 non
766 2423 787 2467 a
803 2407 916 2486 Κῦρος
936 2424 974 2468 τε
989 2399 1123 2486 incipit,
1147 2411 1189 2469 nt
1203 2400 1336 2487 legitur
1351 2399 1388 2468 in
1405 2403 1504 2468 Ana*

321 2507 398 2576 basi
426 2511 452 2575 1.
474 2513 502 2576 8.
524 2512 553 2590 3,
581 2506 642 2573 sed
669 2505 787 2574 verbis
815 2497 834 2574 ὁ
864 2509 898 2573 δὲ
922 2512 1031 2591 Ερος
1061 2506 1256 2574 introducit
1285 2509 1501 2594 exemplum„

322 2637 429 2702 quam
456 2625 497 2682 ut
523 2612 560 2681 in
577 2611 682 2699 libro,
710 2636 816 2702 quem
845 2612 1020 2682 convertit
1047 2612 1084 2680 in
1108 2635 1223 2699 usum,
1251 2614 1340 2681 haec
1367 2613 1503 2702 scripta

322 2719 431 2788 luisse
454 2719 658 2789 indicemus,

430 2832 612 2896 Praeterea
646 2826 897 2914 lexicographo
931 2825 968 2893 in
1007 2848 1075 2893 usu
1103 2836 1157 2893 est
1184 2825 1327 2893 initium
1355 2826 1498 2914 quidem

323 2933 474 3021 exempli
504 2933 709 3003 summatim
736 2935 869 3019 afferre,
898 2971 941 2982 -
968 2932 1083 3001 voluit
1110 2931 1206 3000 enim
1234 2944 1393 3000 tenorem
1421 2955 1502 3000 sen·

325 3041 458 3110 tentiae
486 3040 608 3128 gnaris
635 3050 881 3128 excerptorum
907 3039 1098 3107 lectoribus
1126 3038 1281 3109 breviter
1307 3038 1345 3106 in
1368 3061 1503 3107 memo·

322 3148 413 3216 riam
439 3169 604 3215 revocare
631 3187 682 3233 -,
710 3169 801 3235 quae
827 3168 912 3215 vero
940 3145 1106 3236 deinceps
1134 3148 1330 3215 succedunt
1356 3143 1503 3234 integra

322 3255 361 3324 in
385 3277 474 3342 opus
498 3277 603 3322 suum
627 3266 871 3322 transsumere

431 3366 488 3431 Ita
511 3361 707 3430 orationem
738 3359 774 3427 in
798 3361 911 3428 Anab.
929 3364 969 3431 V.
992 3366 1020 3428 5.
1043 3367 1062 3426 7
1090 3383 1153 3448 per
1180 3371 1348 3447 quattuor
1374 3382 1503 3430 versus

324 3469 569 3538 continuatam
596 3469 633 3537 in
662 3467 765 3537 initio
789 3467 941 3556 exempli
969 3467 1006 3535 in
1030 3468 1123 3535 hanc
1145 3466 1356 3536 brevitatem
1381 3467 1500 3555 coegit

325 3578 361 3667 (s.
399 3601 431 3644 v.
469 3575 673 3666 προηγόρει);
715 3576 819 3644 Ἧκον
855 3575 1008 3662 πρέσβεις
1053 3577 1088 3640 ἐκ
1127 3572 1281 3664 Σινώπης
1326 3570 1383 3644 διὰ
1420 3570 1504 3655 τούς

323 3685 532 3771 Κοτυωρίτας
569 3680 618 3762 είς
654 3685 732 3763 τούς
759 3683 934 3773 Ἕλληναςς
972 3679 1056 3746 hinc
1095 3678 1317 3765 sententiam,
1355 3679 1392 3748 in
1427 3703 1501 3768 qua

325 3788 475 3860 occurrit
497 3787 558 3855 illa
582 3789 701 3875 glossa
724 3787 918 3879 προηγόρει,
942 3786 986 3854 ad
1010 3787 1157 3854 verbum
1180 3785 1347 3854 laudavit
1471 3839 1473 3844 .

432 3896 598 3967 Eundem
632 3916 737 3962 usum
773 3893 909 3960 indicat
947 3894 1148 3980 exemplum
1187 3893 1281 3981 quod
1319 3903 1501 3980 comparet

325 4027 350 4072 s
362 4027 394 4072 v.
406 4003 486 4090 χιών
501 4002 665 4092 quodque
677 4000 857 4069 exorditur
868 3999 997 4070 Suidas
1012 3999 1068 4068 his
1079 3999 1209 4069 verbis:
1233 4002 1355 4070 πολλοὶ
1370 4002 1407 4069 δὲ
1421 4001 1503 4081 τοὺς

326 4101 522 4203 ὀφθαλμοὺς
547 4105 612 4178 ύιιδ
640 4118 700 4196 τῆς
728 4107 843 4195 χιόνος
870 4105 1105 4199 διεφθάρησαν
1130 4110 1185 4174 καί
1213 4102 1291 4188 τούς
1319 4108 1504 4188 δακτύλους
1580 4177 1582 4182 ,

325 4227 393 4286 τῶν
430 4220 548 4286 ποδῶν
585 4220 702 4307 &upon
748 4215 817 4284 alia
862 4215 956 4282 enim
997 4217 1167 4302 leguntur
1210 4211 1247 4280 in
1286 4214 1398 4281 Anab.
1437 4215 1502 4285 1V.

327 4329 436 4392 5.12:
465 4323 629 4394 ἐλείποπο
659 4324 695 4394 δὲ
721 4333 787 4392 τῶν
815 4327 1024 4412 στρατιωτῶν
1051 4326 1087 4390 οἵ
1101 4347 1139 4390 τε
1162 4320 1405 4412 διεφθαρμένω
1426 4310 1502 4388 ύπδ
