3550 5166
779 459 1000 521 -lss—

296 756 299 764 1
401 667 426 734 1.
461 671 489 734 2.
522 672 562 733 10
592 689 616 734 s.
639 690 670 734 v.
705 667 854 754 στλεγγὶς
886 677 968 755 post
1002 666 1123 754 ξόστρα
1159 665 1259 734 addit
1289 667 1321 736 E
1354 665 1401 756 (et
1433 666 1471 755 C)

288 775 457 858 Ξενοφῶν.
513 769 563 842 Τό
598 773 635 842 δὲ
668 765 760 842 ἆθλα
791 766 875 866 ἦσαν
908 772 1094 865 στλεγγίδες
1127 782 1253 863 χρυσαῖ,
1290 795 1380 861 quae
1407 795 1472 840 suo

286 879 369 947 iure
401 879 533 948 delevit
566 879 827 967 Bemhardyus;
861 902 945 948 nam
975 903 1017 948 ea
1046 879 1257 970 interpolata
1285 902 1362 947 esse
1388 880 1472 947 inde

286 985 523 1054 manifestum
550 985 606 1072 fit,
634 989 728 1074 quod
756 987 888 1055 absunt
911 975 936 1054 'a
965 985 1062 1054 libris
1089 989 1122 1054 A
1138 991 1165 1053 B
1181 990 1214 1056 V
1242 997 1278 1054 et
1305 1011 1326 1053 a
1354 985 1471 1053 Photii

294 1091 416 1177 lexico,
440 1114 593 1181 quocum
616 1095 704 1160 haec
728 1095 847 1181 glossa
869 1093 1001 1162 Suidae
1024 1093 1222 1161 communis
1245 1105 1306 1161 est

401 1220 445 1285 11.
471 1223 498 1286 2.
524 1222 543 1284 5
572 1241 596 1285 s.
620 1243 652 1286 v.
677 1217 824 1306 ἑλόμενοι
848 1217 1011 1287 scribitur
1032 1230 1172 1307 praeter
1195 1217 1351 1308 codicem
1373 1219 1405 1288 E
1433 1218 1470 1285 in

287 1323 458 1392 omnibus
487 1323 619 1393 Suidae
651 1324 749 1394 libris
776 1379 783 1394 .
812 1379 819 1393 .
848 1379 855 1393 .
887 1318 941 1394 ότι
972 1323 1074 1410 μόνος
1100 1323 1230 1416 ἐφρόνει
1257 1319 1312 1394 οἷον
1338 1328 1388 1394 δεῖ
1414 1322 1472 1393 τὸν

289 1419 448 1517 ἄρχοντα.
500 1432 582 1500 Cod.
611 1432 643 1518 E
672 1435 833 1521 exemplo
861 1431 1003 1500 subiicit
1029 1437 1169 1526 φρονεῖν.
1220 1423 1387 1519 Ἔλόμενοι
1415 1433 1472 1502 καὶ

294 1528 367 1604 (ivri
397 1543 456 1605 τοῦ
488 1539 727 1625 προκρίναντες.
780 1540 873 1606 illud
907 1544 1042 1632 φρονεῖν
1069 1537 1287 1610 inculcatum
1314 1562 1402 1624 esse,
1431 1551 1472 1608 ut

288 1644 470 1712 sententia
493 1645 609 1734 magis
632 1645 734 1714 fieret
756 1645 948 1734 perspicua,
971 1668 1076 1714 nemo
1092 1668 1163 1713 non
1179 1644 1286 1714 videt
1333 1644 1471 1714 Deinde

291 1750 434 1818 tertiam
465 1751 564 1820 illam
591 1752 863 1843 explicationem
889 1751 987 1822 vocis
1010 1751 1161 1838 ἑλόμενοι
1183 1793 1228 1804 -
1250 1755 1338 1820 duas
1366 1751 1472 1820 inter-

290 1857 508 1946 pretationes
547 1859 620 1926 iam
654 1860 799 1926 dederat
832 1858 908 1947 ipse
941 1858 1070 1929 Suidas
1111 1899 1157 1910 -
1193 1883 1300 1948 supra
1334 1859 1471 1928 addidit

289 1963 530 2052 interpolator.

401 2092 460 2158 IV,
486 2095 567 2156 4.11
587 2112 614 2158 S.
631 2114 662 2156 v.
685 2091 819 2163 ἁλεεινὸς
835 2090 867 2160 Ε
887 2089 938 2178 (et
950 2091 995 2178 V)
1014 2101 1097 2176 post
1120 2093 1314 2180 παρσρῤσείη
1335 2092 1470 2160 habent

291 2199 314 2280 ἡ
352 2199 446 2281 χιών,
493 2206 534 2263 ut
571 2197 722 2263 absurde
766 2197 929 2283 legamus
974 2201 1212 2281 κατακειμένων
1258 2199 1293 2262 δὲ
1331 2201 1470 2272 ἀλεεινὸς

292 2303 332 2388 ἢν
370 2305 389 2368 ὁ
422 2306 551 2388 χειμών,
588 2306 651 2392 ὅτῳ
688 2305 733 2388 μὴ
771 2307 969 2392 παραῤῥυείη
1007 2307 1027 2388 ἡ
1066 2307 1156 2390 χιών.
1215 2307 1294 2372 Hoc
1332 2308 1351 2390 ἡ
1390 2306 1469 2391 χιὼν

290 2407 370 2476 sine
393 2409 500 2477 dubio
517 2433 538 2476 a
552 2409 672 2478 nescio
697 2411 851 2498 quodam
874 2408 1008 2478 elibris
1022 2411 1292 2498 Xenophonteis
1315 2409 1469 2499 margini
1578 2447 1579 2450 π

287 2515 510 2604 adscriptum
541 2539 604 2605 pro
633 2521 753 2604 χειμών
785 2556 828 2565 -
861 2515 1112 2604 Xenophontis
1143 2517 1238 2586 enim
1265 2516 1345 2584 libri
1374 2541 1470 2608 prae-

286 2624 379 2690 'bent
401 2627 420 2708 ἡ
444 2626 524 2709 χιὼν
546 2647 610 2712 pro
633 2622 806 2693 Suidiana
828 2623 981 2692 lectione
1004 2627 1022 2689 ὁ
1045 2627 1166 2709 χειμών
1193 2663 1235 2672 -
1268 2622 1305 2690 in
1330 2635 1469 2694 textum

287 2727 439 2818 irrepsit.

400 2836 497 2903 Huic
523 2835 612 2904 libro
641 2837 701 2924 qui
729 2836 930 2904 simillimus
964 2847 1019 2904 est
1053 2837 1126 2904 cod.
1156 2840 1184 2902 B
1211 2859 1469 2925 nonnunquam

288 2961 374 3008 cum
402 2941 545 3031 optimis
577 2942 676 3010 libris
705 2943 883 3032 conspirat
892 2945 923 3032 ¹),
956 2945 1018 3010 sed
1044 2945 1251 3031 plerumque
1279 2943 1468 3014 deteriores

291 3048 458 3136 sequitur.
505 3050 622 3118 Semel
640 3061 781 3117 tantum
804 3052 902 3117 solus
917 3049 1121 3138 suppeditat
1135 3072 1256 3119 veram
1271 3049 1467 3134 lectionem,

287 3178 399 3242 equam
422 3154 540 3224 nescio
569 3179 614 3222 an
643 3157 771 3225 debeat
800 3156 1032 3226 coniecturae:
1068 3159 1093 3224 I.
1115 3162 1144 3224 5.
1169 3162 1208 3224 10
1233 3157 1269 3247 (s
1291 3182 1322 3224 v.
1346 3157 1467 3245 κάρφη)

288 3263 461 3350 Διφθέρας
475 3267 560 3348 εἶχον
575 3266 781 3349 σκεπάσματα
796 3261 997 3350 ἐμπόπλασαν
1012 3267 1183 3356 praebent
1195 3287 1318 3333 omnes
1330 3263 1467 3334 codices

287 3379 439 3455 excepto
463 3369 551 3436 libro
576 3373 612 3455 B,
636 3369 696 3457 qui
719 3381 813 3438 recte
836 3369 962 3439 ascivit
984 3377 1022 3446 ἃς
1045 3383 1128 3439 ante
1151 3374 1356 3456 ἐμπίπλαται.

401 3493 567 3581 Optimae
582 3506 703 3561 autem
719 3505 825 3562 notae
841 3505 926 3564 sunt
942 3494 1121 3564 Parisinus
1132 3497 1165 3562 A
1176 3506 1213 3563 et
1228 3495 1413 3568 Leidensis
1425 3500 1467 3581 V,

287 3599 354 3687 -qui
382 3612 455 3668 tam
483 3600 635 3669 fideliter
663 3612 808 3670 servant
834 3624 959 3670 verum
985 3611 1092 3689 atque
1120 3601 1326 3688 genuinum,
1354 3613 1396 3669 ut
1423 3625 1467 3668 ex

289 3708 420 3774 horum
436 3710 511 3776 sola
526 3707 737 3777 auctoritate
760 3707 935 3777 sincerum
950 3706 1082 3778 Suidae
1100 3710 1254 3796 pendere
1269 3731 1466 3782 sermonem

291 3813 359 3880 viri
394 3813 489 3882 docti
523 3813 590 3882 sibi
623 3815 871 3903 persuaserint
928 3814 1000 3885 Sed
1033 3814 1135 3883 alteri
1168 3817 1276 3903 longe
1310 3827 1467 3903 praestat

290 3919 473 3989 Parisinus
488 3923 529 4005 A,
554 3943 634 3989 cum
650 3925 684 3990 V
706 3922 803 3990 haud
825 3945 903 3990 raro
927 3921 1129 3991 correctoris
1152 3944 1299 3990 manum
1322 3923 1370 3990 sit
1392 3945 1466 4010 per-

404 4135 428 4218 l)
451 4141 543 4200 Velut
557 4141 631 4200 Li.
647 4141 666 4201 7
689 4159 712 4199 s.
727 4160 754 4200 v.
772 4139 917 4221 κατάγειν
940 4160 1052 4201 nomen
1071 4142 1281 4219 Xenophontis
1302 4143 1467 4202 omiserunt

292 4231 319 4286 A
332 4227 359 4284 V
371 4227 409 4295 B;
433 4229 471 4286 H.
484 4228 513 4289 6.
526 4229 567 4288 22
590 4225 625 4312 (s.
644 4250 672 4292 v.
689 4225 820 4306 Μένων)
841 4231 943 4290 AVB
967 4229 1003 4292 δέ
1016 4229 1061 4301 τό,
1085 4232 1179 4290 ceteri
1198 4227 1236 4293 τὸ
1257 4228 1306 4299 da‘;
1331 4232 1368 4290 11.
1380 4232 1411 4293 6.
1422 4231 1464 4294 22

286 4313 330 4400 (ε.
342 4337 369 4376 v.
384 4313 518 4400 Μένων)
542 4320 568 4375 Α
580 4319 608 4375 V
620 4318 642 4375 B
666 4316 720 4380 καὶ
739 4315 774 4379 τὸ
792 4316 925 4400 atquae:
951 4330 1007 4380 cet.
1031 4340 1066 4380 τε
1088 4317 1142 4380 καὶ
1165 4317 1298 4402 ἀληθές
1323 4320 1360 4378 11.
1377 4320 1406 4381 6.
1422 4321 1465 4382 27

288 4408 317 4463 Α
334 4407 361 4463 V
378 4406 400 4463 B
425 4403 526 4485 ὁπότε,
550 4414 608 4464 cet.
632 4405 690 4467 ὅτε.
