3550 5166
817 409 1019 471 ..6-

327 617 447 706 Symp.
472 620 517 706 gl.
547 625 573 703 l,
597 620 641 685 ad
670 622 755 706 Rep.
782 622 861 691 Lac.
887 619 932 706 gl.
961 621 991 702 2,
1014 618 1059 684 ad
1092 617 1173 685 Oec
1195 617 1241 704 gl.
1266 620 1292 699 1,
1326 617 1371 682 ad
1396 613 1510 705 Hipp.

328 727 374 812 gl.
399 731 428 810 3,
463 726 509 792 ad
542 723 639 793 Hier.
664 726 708 812 gl.
745 729 769 792 1.
823 725 929 795 Unde
967 723 1067 791 vides
1097 732 1271 810 quantum
1300 722 1510 790 Anabaseos

328 843 493 919 excerpta
526 852 673 899 numero
707 841 889 919 praestent
920 828 1043 898 ceteris
1077 828 1328 916 Xenophontis
1357 827 1507 917 scriptis.

328 941 454 1025 Neque
506 948 623 1006 tamen
676 936 850 1025 aequabili
897 934 1015 1004 studio
1060 933 1264 1025 peragravit
1301 936 1509 1003 Anabaseos:

328 1042 490 1132 singulos
526 1041 649 1113 libros:
700 1043 831 1113 etenim
870 1067 890 1112 e
926 1043 1040 1132 primo
1078 1041 1166 1110 libro
1205 1041 1353 1132 protulit
1391 1065 1510 1109 exem·

327 1152 387 1239 pla
410 1155 462 1235 26,
489 1172 533 1217 ex
561 1152 669 1218 altero
693 1154 745 1235 23,
775 1173 794 1218 e
815 1149 918 1218 tertio
939 1154 988 1236 12,
1015 1173 1035 1216 e
1055 1159 1180 1237 quarto
1203 1154 1254 1234 64,
1286 1171 1305 1216 e
1330 1147 1454 1236 quinto
1476 1153 1511 1232 8,

329 1279 348 1324 e
372 1266 472 1324 sexto
494 1261 523 1341 6,
551 1279 571 1324 e
594 1255 745 1346 septimo
766 1261 795 1324 2.
842 1257 1002 1345 Excepto
1031 1255 1143 1344 igitur
1169 1255 1258 1324 libro
1287 1266 1420 1344 quarto,
1449 1253 1506 1321 cui

327 1361 458 1430 mirum
496 1384 602 1450 quam
640 1363 788 1432 navavit
826 1384 968 1452 operam
1009 1361 1269 1450 grammaticus,
1309 1365 1354 1430 ad
1395 1360 1507 1429 finem

328 1472 449 1538 labore
475 1469 685 1558 excerpendi
712 1469 828 1558 magis
855 1469 1043 1558 magisque
1070 1467 1243 1557 fatigatus
1271 1479 1333 1554 est,
1361 1467 1511 1536 ultimos¹

310 1576 438 1645 ..libros
461 1579 533 1645 fere
556 1575 848 1664 praetermittens.

430 1683 558 1751 ‘lanta
580 1694 700 1751 autem
723 1693 967 1772 excerptorum
996 1681 1097 1771 copia
1120 1704 1139 1750 e
1162 1681 1252 1751 libro
1280 1693 1354 1752 tam
1375 1679 1508 1748 modici

330 1789 523 1859 voluminis
539 1791 668 1858 collata
686 1812 791 1858 nemo
814 1788 851 1856 in
868 1789 1004 1857 incerto
1026 1788 1181 1874 habebit,
1205 1787 1290 1876 quin
1307 1787 1381 1856 suis
1396 1787 1514 1855 mani--

328 1900 397 1965 bus
435 1897 565 1967 Suidas
605 1895 775 1965 evolverit
816 1895 961 1986 ipseque
998 1895 1210 1984 decerpserit
1245 1895 1282 1962 in
1322 1895 1510 1962 condendo

331 2005 496 2072 thesauro
523 2003 774 2092 Xenophontis
801 2003 982 2093 scriptum.
1030 2003 1227 2071 Audiamus
1255 2001 1339 2091 quid
1368 2003 1412 2070 de
1439 2003 1513 2070 hac

330 2133 367 2178 re
396 2110 527 2178 sentiat
554 2111 810 2196 Bemhardyus.
821 2111 843 2199 ¹)
894 2115 994 2196 „Jam
1022 2112 1066 2178 de
1093 2108 1312 2198 principibus
1340 2107 1513 2197 antiquae

330 2216 499 2285 historiae
514 2239 586 2284 non
603 2215 832 2304 indiligenter
848 2215 907 2284 ille
923 2216 1088 2304 (suidas),
1113 2238 1196 2284 cura
1212 2216 1383 2284 sermonis
1400 2237 1507 2304 quarn

330 2322 496 2390 historiae
525 2323 658 2390 maiore
684 2333 812 2408 motus
842 2325 1074 2408 Herodotum,
1104 2321 1360 2408 Thucydidem,
1390 2326 1512 2389 Xeno-

330 2431 502 2518 phontem
530 2427 708 2518 percurrit.
760 2433 921 2516 Quorum
949 2431 1172 2498 Herodotum
1200 2427 1266 2497 etsi
1294 2427 1368 2495 suis
1396 2426 1511 2495 oculis

331 2559 397 2604 nec
425 2547 565 2604 tantum
588 2558 608 2603 e
635 2535 778 2604 scholiis
806 2548 842 2604 et
864 2535 986 2605 lexicis
1013 2535 1196 2604 rhetoricis
1220 2534 1397 2624 cognovit,
1421 2534 1508 2602 item

331 2654 373 2711 ut
387 2641 644 2732 Thucydidem,
660 2646 756 2712 unde
770 2667 903 2732 magna
918 2643 973 2712 vis
989 2642 1294 2730 Thucydidiarum
1310 2645 1509 2730 glossarum

331 2750 446 2835 fluxit,
473 2752 582 2819 verba
610 2762 727 2819 tamen
757 2774 861 2839 saepe
889 2754 1123 2840 neglegenter
1151 2761 1187 2818 et
1210 2749 1413 2818 oblitterata
1436 2747 1510 2816 dia·

331 2859 423 2924 lecto
451 2852 630 2943 describit3
664 2860 902 2946 Xenophontis
935 2865 1049 2926 autem
1077 2859 1261 2925 Anabosin
1290 2858 1426 2940 dilexit,
1462 2856 1509 2922 ad

333 2964 588 3052 Cyropaediam
602 2963 721 3032 minus
733 2963 894 3050 attendit,
911 2964 1057 3052 reliquis
1070 2963 1169 3033 libris
1181 2963 1306 3032 leviter
1318 2964 1512 3030 defunctus

333 3075 413 3138 est“
448 3072 555 3140 Unde
570 3070 665 3139 enim
682 3081 736 3138 tot
750 3073 845 3139 locos
857 3073 1137 3160 Xenophonteos
1153 3093 1291 3139 sumere
1304 3067 1423 3158 potuit
1438 3067 1510 3136 nisi

333 3199 377 3244 ex
411 3176 488 3265 ipso
523 3179 675 3265 quodam
710 3176 829 3245 codice
862 3179 1086 3247 Anabaseos?
1138 3179 1305 3266 Agnosco
1338 3174 1512 3243 nimirum

332 3285 505 3352 nonnulla
543 3283 692 3354 Suidam
730 3283 873 3352 aliunde
913 3286 1062 3354 fortasse
1098 3285 1135 3351 in
1175 3307 1279 3352 suurn
1317 3282 1512 3352 armarium

334 3388 531 3478 digessisse,
567 3413 694 3478 nempe
723 3413 743 3458 e
771 3391 951 3478 glossariis
987 3403 1050 3459 aut
1083 3390 1204 3459 lexicis
1232 3389 1410 3460 veteribus
1446 3399 1513 3456 aut

334 3496 602 3583 commentariis,
618 3508 656 3566 at
671 3519 778 3585 quam
792 3497 896 3586 pauci
912 3497 985 3566 sint
999 3497 1075 3582 loci,
1091 3497 1151 3585 qui
1169 3521 1214 3564 ex
1226 3496 1397 3565 eiusmodi
1409 3494 1514 3588 libris.

335 3601 508 3691 originem
524 3602 698 3689 duxerint,
715 3606 888 3690 docemur,
904 3604 934 3672 si
949 3606 1065 3672 fontes
1081 3605 1198 3672 adhuc
1214 3602 1419 3692 superstites
1434 3623 1516 3690 per-

334 3709 521 3797 sequimur,
532 3733 552 3778 e
563 3710 691 3798 quibus
704 3713 917 3779 collectanea
929 3733 994 3778 sua
1006 3710 1258 3798 grammaticus
1269 3707 1513 3799 locupletavit.

334 3819 385 3885 Ac
423 3815 577 3905 primum
615 3816 758 3905 quidem
795 3815 1024 3906 inspiciamus
1064 3815 1181 3884 Photii
1220 3814 1371 3900 lexicon,
1414 3816 1510 3904 quod

333 3924 451 4010 ipsum
468 3935 531 3992 aut
546 3923 646 3991 cuius
664 3926 799 3992 fontem
806 3923 830 4013 ²)
854 3922 1128 4011 diligentissime
1152 3921 1356 4013 compilavit
1370 3923 1513 3994 Suidas„

404 4130 469 4237 ¹¹¹)
493 4163 527 4222 In
551 4162 734 4222 Commentt
758 4163 796 4220 de
819 4159 933 4221 Suidae
957 4162 1055 4220 lexico
1079 4181 1129 4238 pg.
1151 4161 1212 4220 Lx

445 4269 470 4347 ²)
493 4271 519 4328 A
535 4270 627 4327 Suida
649 4287 710 4328 non
726 4269 873 4337 Plotium,
896 4268 950 4327 red
973 4268 1089 4328 sontem
1106 4287 1175 4326 cum
1191 4268 1297 4327 Photio
1315 4285 1512 4327 communem

340 4359 521 4436 exscriptum
545 4376 612 4417 esse
637 4357 843 4417 demonstrant
866 4358 896 4415 P.
919 4357 1045 4434 Roellig,
1069 4375 1148 4434 quae
1172 4357 1248 4415 ratio
1268 4357 1346 4414 inter
1360 4356 1457 4415 Photii
1478 4363 1511 4414 et
