3550 5166
777 965 895 1050 Caput
918 967 943 1035 Ι.

378 1105 628 1196 Xenophontis
663 1105 753 1191 libri,
792 1105 852 1194 qui
885 1103 1089 1173 inscribitur
1110 1104 1296 1191 Anabasis,
1330 1127 1448 1174 recen-

267 1213 382 1284 sionis
409 1216 682 1282 fundamentum
706 1210 792 1281 satis
821 1235 897 1280 esse
920 1210 1110 1297 infirmum,
1140 1211 1302 1300 quamvis
1324 1211 1446 1280 multis

267 1322 319 1390 sit
361 1331 562 1389 asservatus
605 1319 797 1405 codicibus,
842 1341 948 1388 nemo
991 1329 1046 1388 est
1088 1318 1148 1407 qui
1184 1317 1326 1387 nesciat
1385 1321 1448 1388 Co-

268 1427 367 1495 dices
383 1426 486 1513 enim,
503 1449 652 1515 quorum
667 1425 809 1517 plurimi
826 1437 881 1495 tot
894 1424 1032 1494 mendis
1045 1425 1289 1514 erroribusque
1301 1437 1446 1512 scatent,

268 1545 313 1603 ut
327 1534 389 1602 vix
405 1534 485 1602 usui
508 1556 584 1602 esse
599 1533 702 1602 nobis
725 1532 871 1621 possint,
895 1534 939 1627 ad
956 1533 1045 1601 duos
1066 1543 1207 1600 tantum
1230 1534 1346 1601 fontes
1363 1545 1447 1602 sunt

271 1640 469 1709 reducendi.
520 1640 675 1725 Accedit,
708 1639 802 1728 qnod
835 1649 951 1708 aetate
978 1651 1064 1707 sunt
1089 1638 1333 1707 recentissimi:
1363 1661 1445 1707 nam

270 1745 534 1815 vetustissimus
574 1745 662 1814 liber
701 1747 729 1814 C
776 1747 916 1813 saeculo
959 1746 1103 1814 demum
1147 1756 1272 1834 quarto
1311 1745 1446 1814 decimo

266 1863 436 1921 exaratus
459 1864 521 1921 est
568 1855 669 1938 Quae
694 1873 775 1919 cnm
798 1852 849 1919 ita
872 1875 910 1920 se
932 1852 1090 1920 habeant
1111 1853 1344 1942 prosperrime
1367 1875 1447 1920 con-

271 1958 391 2048 tingit,
426 1970 467 2027 ut
494 1959 531 2026 in
561 1958 692 2030 Suidae
720 1958 833 2025 lexico
867 1960 1043 2046 permulta
1077 1957 1180 2027 nobis
1208 1959 1283 2027 sint·
1307 1971 1447 2028 servata

268 2067 471 2154 fragmenta
498 2067 760 2153 Xenophontea
788 2088 832 2133 ex
856 2064 1015 2132 'Anabasi
1044 2065 1260 2155 deprompta,
1289 2089 1378 2154 qnae
1406 2077 1447 2135 ut

267 2184 365 2240 recte
388 2172 619 2240 aestimentur
645 2194 789 2240 necesse
817 2182 871 2239 est
897 2170 1117 2259 inquiramus
1141 2193 1315 2260 quaenam
1342 2172 1447 2240 inter-

269 2279 374 2346 cedat
389 2278 479 2346 ratio
495 2277 588 2347 inter
603 2289 767 2366 excerpta
778 2278 950 2349 Suidiana
966 2289 1002 2346 et
1018 2277 1155 2346 codices
1166 2279 1446 2368 Xenophonteos

267 2407 313 2452 ac
342 2385 431 2474 quid
469 2385 539 2454 illis
573 2383 621 2453 sit
654 2386 889 2454 tribuendum
948 2387 1066 2470 Quam
1099 2385 1342 2473 quaestionem
1381 2383 1447 2453 uti·

270 2490 442 2560 lissimam
477 2516 498 2559 a
525 2494 711 2560 nullodum
744 2491 821 2560 viro
853 2493 957 2559 docto
991 2491 1202 2560 incohatam
1228 2490 1346 2560 subire
1374 2493 1447 2559 Fri·

267 2597 408 2666 dericus
425 2597 581 2666 Blassius
605 2600 729 2667 acerba
751 2609 865 2666 morte
887 2621 1001 2688 nuper
1020 2600 1187 2688 abreptus
1202 2620 1259 2666 me
1274 2597 1445 2667 incitavit

378 2704 549 2774 Omnium
577 2708 714 2772 solutae
737 2703 907 2773 orationis
934 2704 1153 2793 scriptorum,
1181 2727 1331 2793 quornm
1354 2707 1458 2795 fraga

268 2822 391 2879 menta
419 2823 604 2879 recurrunt
637 2811 675 2879 in
703 2810 835 2881 Suidae
868 2813 1058 2896 thesauro,¹
1075 2811 1314 2902 principatum
1348 2823 1446 2881 tenet

270 2916 521 3006 Xenophontis
555 2917 738 3002 Anab'asis
777 2929 1023 3008 excerptorum
1060 2940 1248 2986 nnmerum
1287 2919 1316 2986 si
1356 2941 1447 2987 com-

222 3055 227 3066 ·
269 3045 436 3112 paramus
478 3047 559 3092 cnm
605 3023 741 3091 ambitu
787 3024 955 3112 opusculi.
1023 3028 1143 3093 Plures
1189 3023 1331 3113 quidem
1378 3026 1445 3095 loci

271 3119 426 3198 citantur
454 3153 499 3198 ex
528 3129 701 3198 Herodoti
736 3142 772 3199 et
800 3131 936 3218 Polybii
964 3129 1112 3220 scriptis,
1147 3172 1189 3182 -
1223 3133 1446 3221 reperiuntur

267 3235 366 3304 enim
396 3239 535 3324 glossae
562 3260 607 3305 ex
630 3240 813 3306 Herodoto
841 3237 1048 3328 desumptae
1076 3240 1171 3326 apud
1199 3238 1348 3309 Suidam
1371 3245 1445 3325 281,

267 3366 291 3410 e
316 3343 460 3430 Polybio
485 3349 558 3428 651,
590 3384 632 3393 -
665 3341 726 3412 sed
750 3345 878 3412 horum
900 3347 1014 3413 multo
1036 3345 1149 3413 maior
1172 3356 1226 3413 est
1249 3345 1445 3433 amplitudo

266 3472 378 3538 qnam
412 3451 626 3536 Anabaseos‚
665 3474 709 3518 ex
743 3473 813 3539 qua
850 3450 981 3541 petitas
1012 3450 1173 3520 videmus
1205 3455 1342 3540 glossas
1372 3475 1444 3520 non

266 3555 389 3624 minus
418 3567 560 3624 centum
588 3557 825 3645 quadraginta
848 3559 993 3648 unam1),
1021 3581 1111 3646 quae
1134 3570 1220 3626 sunt
1242 3560 1350 3648 duplo
1373 3561 1446 3628 iere

267 3667 401 3750 plures,
441 3687 546 3752 quarn
590 3687 610 3732 e
653 3665 776 3733 ceteris
815 3664 980 3733 omnibus
1017 3666 1267 3753 Xenophontis
1306 3666 1445 3756 scriptis

270 3771 544 3859 lexicographus
572 3770 746 3857 laudavit,
772 3769 902 3860 quippe
928 3794 1019 3860 quae
1042 3773 1266 3860 septuaginta
1289 3775 1445 3862 quinque

267 3876 357 3944 locis
373 3877 606 3967 respiciantur
620 3877 656 3947 in
674 3878 847 3966 excerptis
862 3877 1052 3950 Suidianis.
1083 3879 1265 3947 Pertinent
1280 3882 1324 3948 ad
1342 3881 1445 3966 Cyro-

270 3983 433 4071 paediam
458 3987 598 4072 glossae
621 3990 673 4070 54,
697 3987 742 4054 ad
759 3985 945 4054 Hellenica
968 3989 1014 4075 gl.
1039 3993 1068 4072 7,
1092 3988 1137 4054 ad
1162 3990 1265 4055 Mem.
1282 3987 1330 4074 gl.
1347 3991 1376 4070 6,
1399 3986 1444 4054 ad

380 4161 407 4249 ¹)
429 4167 464 4225 In
487 4168 587 4227 indice
607 4169 790 4246 Bernhardyi
819 4170 950 4229 omissae
978 4178 1046 4228 sunt
1071 4173 1191 4248 glossae
1218 4172 1291 4229 hae:
1329 4170 1352 4228 1.
1369 4169 1398 4230 4.
1418 4171 1445 4230 l.

269 4275 299 4315 v.
327 4251 443 4335 Φάρος,
475 4255 499 4324 Ι,
520 4256 549 4317 4.
566 4255 596 4318 9.
610 4277 637 4318 v.
660 4254 778 4329 Χάλος,
810 4259 834 4318 Ι.
854 4257 884 4320 8.
899 4258 929 4320 3.
945 4279 969 4320 ν.
993 4257 1102 4336 aniani,
1132 4259 1155 4318 l.
1176 4257 1205 4320 8.
1222 4256 1251 4319 9.
1266 4279 1292 4320 v.
1316 4257 1445 4344 γέῤῥοιν,

271 4343 295 4402 Ι.
312 4343 341 4405 9.
361 4343 410 4406 16.
424 4365 449 4406 v.
475 4342 551 4428 περὶ
564 4343 689 4417 παντός,
712 4345 764 4404 IV.
780 4346 810 4406 2.
826 4345 856 4408 2.
870 4367 897 4408 v.
920 4346 1115 4428 προσέχοιεν,
1139 4347 1191 4406 IV.
1206 4346 1236 4408 2.
1255 4347 1304 4410 17.
1320 4369 1346 4406 v.
1366 4347 1447 4411 ἀπε-

269 4430 425 4515 κόπησαν,
448 4434 499 4495 IV.
517 4431 547 4495 5.
567 4433 616 4496 13.
631 4455 657 4492 v.
679 4432 768 4515 χιών,
791 4435 843 4494 IV.
859 4435 888 4496 5.
905 4435 957 4496 25.
972 4456 999 4494 ν.
1021 4433 1177 4516 κλίμακες.
