<?xml version="1.0" encoding="UTF-8"?>
<!DOCTYPE html PUBLIC "-//W3C//DTD XHTML 1.0 Transitional//EN"
    "http://www.w3.org/TR/xhtml1/DTD/xhtml1-transitional.dtd">
<html xmlns="http://www.w3.org/1999/xhtml" xml:lang="en" lang="en">
 <head>
  <title>
</title>
<meta http-equiv="Content-Type" content="text/html;charset=utf-8" />
  <meta name='ocr-system' content='tesseract 3.04.00' />
  <meta name='ocr-capabilities' content='ocr_page ocr_carea ocr_par ocr_line ocrx_word'/>
</head>
<body>
  <div class='ocr_page' id='page_1' title='image "./dexenophontisan00kewegoog_0011.png"; bbox 0 0 3550 5166; ppageno 0'>
   <div class='ocr_carea' id='block_1_1' title="bbox 842 389 1042 451">
    <p class='ocr_par' dir='ltr' id='par_1_1' title="bbox 842 389 1042 451">
     <span class='ocr_line' id='line_1_1' title="bbox 842 389 1042 451; baseline 0 -17"><span class='ocrx_word' id='word_1_1' title='bbox 842 389 1042 451; x_wconf 75' lang='grc'><strong>..3-</strong></span> 
     </span>
    </p>
   </div>
   <div class='ocr_carea' id='block_1_2' title="bbox 261 595 1532 4101">
    <p class='ocr_par' dir='ltr' id='par_1_2' title="bbox 353 595 1529 790">
     <span class='ocr_line' id='line_1_2' title="bbox 353 595 1529 684; baseline -0.002 -20"><span class='ocrx_word' id='word_1_2' title='bbox 353 597 507 664; x_wconf 79' lang='lat' dir='ltr'><strong>affertur.</strong></span> <span class='ocrx_word' id='word_1_3' title='bbox 553 597 609 662; x_wconf 89' lang='lat' dir='ltr'><strong>Ad</strong></span> <span class='ocrx_word' id='word_1_4' title='bbox 639 597 915 684; x_wconf 87' lang='lat' dir='ltr'><strong>Xenophontem</strong></span> <span class='ocrx_word' id='word_1_5' title='bbox 949 596 1039 664; x_wconf 87' lang='lat' dir='ltr'><strong>nihil</strong></span> <span class='ocrx_word' id='word_1_6' title='bbox 1068 596 1210 684; x_wconf 87' lang='lat' dir='ltr'>respicit</span> <span class='ocrx_word' id='word_1_7' title='bbox 1236 595 1306 664; x_wconf 90' lang='lat' dir='ltr'><strong>nisi</strong></span> <span class='ocrx_word' id='word_1_8' title='bbox 1334 597 1416 664; x_wconf 91' lang='lat' dir='ltr'><strong>hoc:</strong></span> <span class='ocrx_word' id='word_1_9' title='bbox 1450 621 1529 682; x_wconf 85' lang='grc' dir='ltr'><strong><em>καρ-</em></strong></span> 
     </span>
     <span class='ocr_line' id='line_1_3' title="bbox 355 705 1080 790; baseline 0 -21"><span class='ocrx_word' id='word_1_10' title='bbox 355 705 502 788; x_wconf 77' lang='grc' dir='ltr'><em>ὸιῶνιειν,</em></span> <span class='ocrx_word' id='word_1_11' title='bbox 527 705 605 788; x_wconf 84' lang='grc' dir='ltr'><strong><em>ὅπερ</em></strong></span> <span class='ocrx_word' id='word_1_12' title='bbox 628 707 793 788; x_wconf 78' lang='grc' dir='ltr'><em>βουλιμιᾶν</em></span> <span class='ocrx_word' id='word_1_13' title='bbox 815 706 894 788; x_wconf 82' lang='grc' dir='ltr'><em>λέγει</em></span> <span class='ocrx_word' id='word_1_14' title='bbox 918 706 1080 790; x_wconf 80' lang='grc' dir='ltr'><em>Ξενοφῶν.</em></span> 
     </span>
    </p>

    <p class='ocr_par' dir='ltr' id='par_1_3' title="bbox 353 808 1529 1540">
     <span class='ocr_line' id='line_1_4' title="bbox 460 808 1527 897; baseline 0.001 -22"><span class='ocrx_word' id='word_1_15' title='bbox 460 811 646 877; x_wconf 89' lang='lat' dir='ltr'><strong>Accedunt</strong></span> <span class='ocrx_word' id='word_1_16' title='bbox 672 813 819 896; x_wconf 87' lang='lat' dir='ltr'>glossae,</span> <span class='ocrx_word' id='word_1_17' title='bbox 849 832 939 897; x_wconf 92' lang='lat' dir='ltr'><strong>quae</strong></span> <span class='ocrx_word' id='word_1_18' title='bbox 966 809 1199 879; x_wconf 86' lang='lat' dir='ltr'><strong>inveniuntur</strong></span> <span class='ocrx_word' id='word_1_19' title='bbox 1226 809 1263 877; x_wconf 91' lang='lat' dir='ltr'><strong>in</strong></span> <span class='ocrx_word' id='word_1_20' title='bbox 1292 808 1395 877; x_wconf 91' lang='lat' dir='ltr'><strong>initio</strong></span> <span class='ocrx_word' id='word_1_21' title='bbox 1422 809 1527 877; x_wconf 90' lang='lat' dir='ltr'><strong>lexici</strong></span> 
     </span>
     <span class='ocr_line' id='line_1_5' title="bbox 356 915 1526 1004; baseline 0.001 -21"><span class='ocrx_word' id='word_1_22' title='bbox 356 915 530 1001; x_wconf 90' lang='lat' dir='ltr'><strong>Photiani,</strong></span> <span class='ocrx_word' id='word_1_23' title='bbox 554 938 644 1003; x_wconf 91' lang='lat' dir='ltr'><strong>quae</strong></span> <span class='ocrx_word' id='word_1_24' title='bbox 666 939 747 1004; x_wconf 86' lang='lat' dir='ltr'><strong>pars</strong></span> <span class='ocrx_word' id='word_1_25' title='bbox 770 932 925 1004; x_wconf 89' lang='lat' dir='ltr'><strong>nupera</strong></span> <span class='ocrx_word' id='word_1_26' title='bbox 942 917 1041 984; x_wconf 92' lang='lat' dir='ltr'>Rich.</span> <span class='ocrx_word' id='word_1_27' title='bbox 1060 915 1337 985; x_wconf 89' lang='lat' dir='ltr'><strong>Reitzensteinio</strong></span> <span class='ocrx_word' id='word_1_28' title='bbox 1353 915 1449 984; x_wconf 90' lang='lat' dir='ltr'><strong>edita</strong></span> <span class='ocrx_word' id='word_1_29' title='bbox 1464 927 1526 984; x_wconf 91' lang='lat' dir='ltr'><strong>est</strong></span> 
     </span>
     <span class='ocr_line' id='line_1_6' title="bbox 353 1023 1527 1110; baseline 0 -20"><span class='ocrx_word' id='word_1_30' title='bbox 353 1023 448 1090; x_wconf 89' lang='lat' dir='ltr'><strong>Sunt</strong></span> <span class='ocrx_word' id='word_1_31' title='bbox 475 1044 558 1090; x_wconf 85' lang='lat' dir='ltr'><strong>vero</strong></span> <span class='ocrx_word' id='word_1_32' title='bbox 587 1033 755 1110; x_wconf 88' lang='lat' dir='ltr'><strong>quattuor</strong></span> <span class='ocrx_word' id='word_1_33' title='bbox 777 1034 917 1091; x_wconf 89' lang='lat' dir='ltr'><strong>tantum</strong></span> <span class='ocrx_word' id='word_1_34' title='bbox 946 1024 1086 1110; x_wconf 85' lang='lat' dir='ltr'><strong>glossae</strong></span> <span class='ocrx_word' id='word_1_35' title='bbox 1108 1023 1290 1090; x_wconf 90' lang='lat' dir='ltr'><strong>Anabasin</strong></span> <span class='ocrx_word' id='word_1_36' title='bbox 1319 1033 1527 1110; x_wconf 85' lang='lat' dir='ltr'><strong>spectantes,</strong></span> 
     </span>
     <span class='ocr_line' id='line_1_7' title="bbox 354 1128 1526 1218; baseline 0.001 -23"><span class='ocrx_word' id='word_1_37' title='bbox 354 1150 445 1216; x_wconf 91' lang='lat' dir='ltr'><strong>quae</strong></span> <span class='ocrx_word' id='word_1_38' title='bbox 490 1128 580 1196; x_wconf 91' lang='lat' dir='ltr'><strong>nihil</strong></span> <span class='ocrx_word' id='word_1_39' title='bbox 622 1131 794 1216; x_wconf 87' lang='lat' dir='ltr'><strong>praebent</strong></span> <span class='ocrx_word' id='word_1_40' title='bbox 837 1128 906 1197; x_wconf 90' lang='lat' dir='ltr'><strong>nisi</strong></span> <span class='ocrx_word' id='word_1_41' title='bbox 953 1129 1223 1218; x_wconf 87' lang='lat' dir='ltr'><strong>explicationem</strong></span> <span class='ocrx_word' id='word_1_42' title='bbox 1261 1130 1526 1212; x_wconf 87' lang='lat' dir='ltr'><strong>vocabulorum;</strong></span> 
     </span>
     <span class='ocr_line' id='line_1_8' title="bbox 354 1235 1529 1324; baseline 0.003 -22"><span class='ocrx_word' id='word_1_43' title='bbox 354 1238 516 1322; x_wconf 92' lang='lat' dir='ltr'><strong>exempla</strong></span> <span class='ocrx_word' id='word_1_44' title='bbox 532 1237 794 1324; x_wconf 90' lang='lat' dir='ltr'><strong>Xenophontea</strong></span> <span class='ocrx_word' id='word_1_45' title='bbox 810 1235 1061 1304; x_wconf 86' lang='lat' dir='ltr'><strong>desiderantur.</strong></span> <span class='ocrx_word' id='word_1_46' title='bbox 1097 1238 1204 1323; x_wconf 82' lang='lat' dir='ltr'><strong>Sunt:</strong></span> <span class='ocrx_word' id='word_1_47' title='bbox 1223 1240 1431 1306; x_wconf 81' lang='lat' dir='ltr'><strong>111.1.30.v.</strong></span> <span class='ocrx_word' id='word_1_48' title='bbox 1449 1240 1529 1305; x_wconf 86' lang='grc' dir='ltr'><em>ἀνα-</em></span> 
     </span>
     <span class='ocr_line' id='line_1_9' title="bbox 355 1346 1527 1430; baseline 0 -21"><span class='ocrx_word' id='word_1_49' title='bbox 355 1346 485 1427; x_wconf 52' lang='lat' dir='ltr'><strong>aaran</strong></span> <span class='ocrx_word' id='word_1_50' title='bbox 510 1346 571 1411; x_wconf 89' lang='lat' dir='ltr'><strong>IV.</strong></span> <span class='ocrx_word' id='word_1_51' title='bbox 590 1347 620 1412; x_wconf 82' lang='lat'><strong>2.</strong></span> <span class='ocrx_word' id='word_1_52' title='bbox 638 1347 666 1410; x_wconf 91' lang='lat'><strong>8.</strong></span> <span class='ocrx_word' id='word_1_53' title='bbox 683 1367 714 1410; x_wconf 90' lang='lat' dir='ltr'><strong>v.</strong></span> <span class='ocrx_word' id='word_1_54' title='bbox 732 1347 867 1429; x_wconf 82' lang='grc' dir='ltr'><em>ἀνίμων;</em></span> <span class='ocrx_word' id='word_1_55' title='bbox 890 1347 931 1412; x_wconf 89' lang='lat' dir='ltr'><strong>V.</strong></span> <span class='ocrx_word' id='word_1_56' title='bbox 949 1347 977 1410; x_wconf 91' lang='grc'><strong>2.</strong></span> <span class='ocrx_word' id='word_1_57' title='bbox 998 1347 1045 1410; x_wconf 88' lang='lat'><strong>10.</strong></span> <span class='ocrx_word' id='word_1_58' title='bbox 1062 1367 1093 1411; x_wconf 89' lang='lat' dir='ltr'><strong>v.</strong></span> <span class='ocrx_word' id='word_1_59' title='bbox 1111 1347 1310 1430; x_wconf 81' lang='grc' dir='ltr'><em>ἀναχωρίζει;</em></span> <span class='ocrx_word' id='word_1_60' title='bbox 1334 1347 1375 1412; x_wconf 92' lang='lat' dir='ltr'><strong>V.</strong></span> <span class='ocrx_word' id='word_1_61' title='bbox 1389 1349 1418 1411; x_wconf 85' lang='lat'><strong>4.</strong></span> <span class='ocrx_word' id='word_1_62' title='bbox 1431 1347 1482 1410; x_wconf 84' lang='lat'><strong>29.</strong></span> <span class='ocrx_word' id='word_1_63' title='bbox 1495 1367 1527 1411; x_wconf 90' lang='lat' dir='ltr'><strong>v.</strong></span> 
     </span>
     <span class='ocr_line' id='line_1_10' title="bbox 356 1448 1295 1540; baseline 0.002 -26"><span class='ocrx_word' id='word_1_64' title='bbox 356 1451 506 1515; x_wconf 83' lang='grc' dir='ltr'><em>ἀνόκαιον</em></span> <span class='ocrx_word' id='word_1_65' title='bbox 530 1448 592 1535; x_wconf 86' lang='lat' dir='ltr'><strong>(sic</strong></span> <span class='ocrx_word' id='word_1_66' title='bbox 616 1448 775 1536; x_wconf 76' lang='lat' dir='ltr'><strong>Photius)</strong></span> <span class='ocrx_word' id='word_1_67' title='bbox 799 1451 855 1517; x_wconf 92' lang='lat' dir='ltr'><strong>vel</strong></span> <span class='ocrx_word' id='word_1_68' title='bbox 879 1453 1039 1540; x_wconf 73' lang='grc' dir='ltr'><em>ἀνώγαιον</em></span> <span class='ocrx_word' id='word_1_69' title='bbox 1061 1449 1124 1537; x_wconf 83' lang='lat' dir='ltr'><strong>(sic</strong></span> <span class='ocrx_word' id='word_1_70' title='bbox 1146 1448 1295 1536; x_wconf 80' lang='lat' dir='ltr'><strong>Suidas).</strong></span> 
     </span>
    </p>

    <p class='ocr_par' dir='ltr' id='par_1_4' title="bbox 354 1555 1530 2178">
     <span class='ocr_line' id='line_1_11' title="bbox 462 1555 1528 1643; baseline -0.002 -19"><span class='ocrx_word' id='word_1_71' title='bbox 462 1555 639 1624; x_wconf 90' lang='lat' dir='ltr'><strong>Undecim</strong></span> <span class='ocrx_word' id='word_1_72' title='bbox 662 1555 773 1642; x_wconf 89' lang='lat' dir='ltr'><strong>igitur</strong></span> <span class='ocrx_word' id='word_1_73' title='bbox 796 1557 936 1643; x_wconf 86' lang='lat' dir='ltr'><strong>glossae</strong></span> <span class='ocrx_word' id='word_1_74' title='bbox 959 1579 1164 1624; x_wconf 88' lang='lat' dir='ltr'><strong>communes</strong></span> <span class='ocrx_word' id='word_1_75' title='bbox 1186 1567 1272 1622; x_wconf 89' lang='lat' dir='ltr'><strong>sunt</strong></span> <span class='ocrx_word' id='word_1_76' title='bbox 1291 1555 1424 1625; x_wconf 91' lang='lat' dir='ltr'><strong>Suidae</strong></span> <span class='ocrx_word' id='word_1_77' title='bbox 1447 1578 1528 1622; x_wconf 88' lang='lat' dir='ltr'><strong>cum</strong></span> 
     </span>
     <span class='ocr_line' id='line_1_12' title="bbox 357 1661 1528 1750; baseline -0.001 -21"><span class='ocrx_word' id='word_1_78' title='bbox 357 1661 492 1746; x_wconf 89' lang='lat' dir='ltr'><strong>Photio,</strong></span> <span class='ocrx_word' id='word_1_79' title='bbox 527 1685 676 1749; x_wconf 89' lang='lat' dir='ltr'><strong>quarum</strong></span> <span class='ocrx_word' id='word_1_80' title='bbox 708 1664 798 1729; x_wconf 88' lang='lat' dir='ltr'><strong>duas</strong></span> <span class='ocrx_word' id='word_1_81' title='bbox 827 1673 968 1731; x_wconf 84' lang='lat' dir='ltr'><strong>tantum</strong></span> <span class='ocrx_word' id='word_1_82' title='bbox 996 1663 1166 1750; x_wconf 93' lang='lat' dir='ltr'><strong>exemplis</strong></span> <span class='ocrx_word' id='word_1_83' title='bbox 1195 1673 1337 1730; x_wconf 89' lang='lat' dir='ltr'><strong>ornatas</strong></span> <span class='ocrx_word' id='word_1_84' title='bbox 1365 1663 1528 1731; x_wconf 88' lang='lat' dir='ltr'><strong>videmus</strong></span> 
     </span>
     <span class='ocr_line' id='line_1_13' title="bbox 354 1768 1528 1857; baseline 0 -21"><span class='ocrx_word' id='word_1_85' title='bbox 354 1771 450 1856; x_wconf 88' lang='lat' dir='ltr'><strong>apud</strong></span> <span class='ocrx_word' id='word_1_86' title='bbox 466 1779 656 1856; x_wconf 90' lang='lat' dir='ltr'><strong>utrumque</strong></span> <span class='ocrx_word' id='word_1_87' title='bbox 671 1768 970 1857; x_wconf 88' lang='lat' dir='ltr'><strong>lexicographum.</strong></span> <span class='ocrx_word' id='word_1_88' title='bbox 1009 1769 1084 1839; x_wconf 86' lang='lat' dir='ltr'><strong>Sub</strong></span> <span class='ocrx_word' id='word_1_89' title='bbox 1100 1771 1239 1837; x_wconf 88' lang='lat' dir='ltr'><strong>duabus</strong></span> <span class='ocrx_word' id='word_1_90' title='bbox 1255 1769 1384 1856; x_wconf 85' lang='lat' dir='ltr'><strong>glossis</strong></span> <span class='ocrx_word' id='word_1_91' title='bbox 1399 1769 1528 1838; x_wconf 89' lang='lat' dir='ltr'><strong>Suidas</strong></span> 
     </span>
     <span class='ocr_line' id='line_1_14' title="bbox 355 1875 1528 1964; baseline 0 -22"><span class='ocrx_word' id='word_1_92' title='bbox 355 1877 452 1943; x_wconf 90' lang='lat' dir='ltr'><strong>solus</strong></span> <span class='ocrx_word' id='word_1_93' title='bbox 468 1877 576 1942; x_wconf 89' lang='lat' dir='ltr'><strong>habet</strong></span> <span class='ocrx_word' id='word_1_94' title='bbox 591 1877 792 1964; x_wconf 91' lang='lat' dir='ltr'><strong>exemplum</strong></span> <span class='ocrx_word' id='word_1_95' title='bbox 806 1878 1116 1963; x_wconf 89' lang='lat' dir='ltr'><strong>Xenophonteum,</strong></span> <span class='ocrx_word' id='word_1_96' title='bbox 1133 1878 1226 1963; x_wconf 91' lang='lat' dir='ltr'><strong>quod</strong></span> <span class='ocrx_word' id='word_1_97' title='bbox 1242 1875 1370 1963; x_wconf 91' lang='lat' dir='ltr'><strong>petivit</strong></span> <span class='ocrx_word' id='word_1_98' title='bbox 1380 1878 1528 1945; x_wconf 84' lang='lat' dir='ltr'><strong>fortasse</strong></span> 
     </span>
     <span class='ocr_line' id='line_1_15' title="bbox 355 1981 1530 2070; baseline 0.001 -20"><span class='ocrx_word' id='word_1_99' title='bbox 355 2004 376 2050; x_wconf 92' lang='lat' dir='ltr'><strong>e</strong></span> <span class='ocrx_word' id='word_1_100' title='bbox 396 1981 514 2049; x_wconf 88' lang='lat' dir='ltr'><strong>codice</strong></span> <span class='ocrx_word' id='word_1_101' title='bbox 534 2005 599 2049; x_wconf 91' lang='lat' dir='ltr'><strong>suo</strong></span> <span class='ocrx_word' id='word_1_102' title='bbox 614 1985 827 2051; x_wconf 89' lang='lat' dir='ltr'><strong>Anabaseos.</strong></span> <span class='ocrx_word' id='word_1_103' title='bbox 868 1984 954 2050; x_wconf 89' lang='lat' dir='ltr'><strong>Illae</strong></span> <span class='ocrx_word' id='word_1_104' title='bbox 969 1994 1105 2070; x_wconf 87' lang='lat' dir='ltr'><strong>septem</strong></span> <span class='ocrx_word' id='word_1_105' title='bbox 1121 1983 1273 2070; x_wconf 90' lang='lat' dir='ltr'><strong>denique</strong></span> <span class='ocrx_word' id='word_1_106' title='bbox 1288 2006 1378 2070; x_wconf 91' lang='lat' dir='ltr'><strong>quae</strong></span> <span class='ocrx_word' id='word_1_107' title='bbox 1394 1994 1530 2051; x_wconf 86' lang='lat' dir='ltr'><strong>restant</strong></span> 
     </span>
     <span class='ocr_line' id='line_1_16' title="bbox 356 2088 1530 2178; baseline 0.002 -23"><span class='ocrx_word' id='word_1_108' title='bbox 356 2090 496 2176; x_wconf 87' lang='lat' dir='ltr'><strong>glossae</strong></span> <span class='ocrx_word' id='word_1_109' title='bbox 518 2088 555 2157; x_wconf 90' lang='lat' dir='ltr'><strong>in</strong></span> <span class='ocrx_word' id='word_1_110' title='bbox 580 2112 726 2157; x_wconf 91' lang='lat' dir='ltr'><strong>censum</strong></span> <span class='ocrx_word' id='word_1_111' title='bbox 748 2111 820 2156; x_wconf 89' lang='lat' dir='ltr'><strong>non</strong></span> <span class='ocrx_word' id='word_1_112' title='bbox 845 2088 1004 2174; x_wconf 89' lang='lat' dir='ltr'><strong>veniunt,</strong></span> <span class='ocrx_word' id='word_1_113' title='bbox 1028 2092 1122 2178; x_wconf 89' lang='lat' dir='ltr'><strong>quod</strong></span> <span class='ocrx_word' id='word_1_114' title='bbox 1150 2089 1321 2177; x_wconf 90' lang='lat' dir='ltr'><strong>exemplis</strong></span> <span class='ocrx_word' id='word_1_115' title='bbox 1348 2111 1420 2156; x_wconf 89' lang='lat' dir='ltr'><strong>non</strong></span> <span class='ocrx_word' id='word_1_116' title='bbox 1445 2100 1530 2157; x_wconf 89' lang='lat' dir='ltr'><strong>sunt</strong></span> 
     </span>
    </p>

    <p class='ocr_par' dir='ltr' id='par_1_5' title="bbox 355 2195 522 2264">
     <span class='ocr_line' id='line_1_17' title="bbox 355 2195 522 2264; baseline 0 -1"><span class='ocrx_word' id='word_1_117' title='bbox 355 2195 522 2264; x_wconf 89' lang='lat' dir='ltr'><strong>munitae.</strong></span> 
     </span>
    </p>

    <p class='ocr_par' dir='ltr' id='par_1_6' title="bbox 261 2295 1531 2818">
     <span class='ocr_line' id='line_1_18' title="bbox 261 2295 1529 2385; baseline -0.002 -14"><span class='ocrx_word' id='word_1_118' title='bbox 261 2295 264 2300; x_wconf 67' lang='grc'><strong>’</strong></span> <span class='ocrx_word' id='word_1_119' title='bbox 464 2304 593 2371; x_wconf 88' lang='lat' dir='ltr'><strong>Glossa</strong></span> <span class='ocrx_word' id='word_1_120' title='bbox 605 2303 776 2372; x_wconf 87' lang='lat' dir='ltr'><strong>Suidiana</strong></span> <span class='ocrx_word' id='word_1_121' title='bbox 787 2307 967 2371; x_wconf 73' lang='lat' dir='ltr'><strong>nlrmlwrov</strong></span> <span class='ocrx_word' id='word_1_122' title='bbox 982 2326 1054 2371; x_wconf 92' lang='lat' dir='ltr'><strong>non</strong></span> <span class='ocrx_word' id='word_1_123' title='bbox 1067 2303 1174 2370; x_wconf 89' lang='lat' dir='ltr'><strong>fluxit</strong></span> <span class='ocrx_word' id='word_1_124' title='bbox 1184 2304 1349 2371; x_wconf 91' lang='lat' dir='ltr'><strong>exAnab.</strong></span> <span class='ocrx_word' id='word_1_125' title='bbox 1362 2305 1426 2369; x_wconf 91' lang='lat' dir='ltr'><strong>III.</strong></span> <span class='ocrx_word' id='word_1_126' title='bbox 1437 2308 1465 2369; x_wconf 89' lang='grc'><strong>4.</strong></span> <span class='ocrx_word' id='word_1_127' title='bbox 1480 2307 1529 2385; x_wconf 85' lang='lat'><strong>19,</strong></span> 
     </span>
     <span class='ocr_line' id='line_1_19' title="bbox 357 2408 1528 2496; baseline 0.001 -20"><span class='ocrx_word' id='word_1_128' title='bbox 357 2431 438 2476; x_wconf 92' lang='lat' dir='ltr'><strong>cum</strong></span> <span class='ocrx_word' id='word_1_129' title='bbox 475 2409 512 2475; x_wconf 90' lang='lat' dir='ltr'><strong>in</strong></span> <span class='ocrx_word' id='word_1_130' title='bbox 550 2408 691 2477; x_wconf 89' lang='lat' dir='ltr'><strong>Arriani</strong></span> <span class='ocrx_word' id='word_1_131' title='bbox 737 2410 826 2478; x_wconf 88' lang='lat' dir='ltr'><strong>libro</strong></span> <span class='ocrx_word' id='word_1_132' title='bbox 868 2421 1035 2495; x_wconf 88' lang='lat' dir='ltr'><strong>recurrat,</strong></span> <span class='ocrx_word' id='word_1_133' title='bbox 1081 2409 1141 2496; x_wconf 92' lang='lat' dir='ltr'><strong>qui</strong></span> <span class='ocrx_word' id='word_1_134' title='bbox 1187 2408 1390 2476; x_wconf 88' lang='lat' dir='ltr'><strong>inscribitur</strong></span> <span class='ocrx_word' id='word_1_135' title='bbox 1434 2413 1528 2495; x_wconf 85' lang='grc' dir='ltr'><em>τέχνη</em></span> 
     </span>
     <span class='ocr_line' id='line_1_20' title="bbox 356 2515 1529 2604; baseline 0.001 -23"><span class='ocrx_word' id='word_1_136' title='bbox 356 2521 497 2602; x_wconf 78' lang='grc' dir='ltr'><em>τακτική,</em></span> <span class='ocrx_word' id='word_1_137' title='bbox 513 2539 545 2604; x_wconf 91' lang='lat' dir='ltr'><strong>p.</strong></span> <span class='ocrx_word' id='word_1_138' title='bbox 559 2521 600 2584; x_wconf 87' lang='lat'><strong>69</strong></span> <span class='ocrx_word' id='word_1_139' title='bbox 614 2527 651 2584; x_wconf 94' lang='lat' dir='ltr'><strong>et</strong></span> <span class='ocrx_word' id='word_1_140' title='bbox 665 2516 702 2583; x_wconf 95' lang='lat' dir='ltr'><strong>in</strong></span> <span class='ocrx_word' id='word_1_141' title='bbox 720 2515 945 2592; x_wconf 69' lang='lat' dir='ltr'><strong>Bibliotheca,</strong></span> <span class='ocrx_word' id='word_1_142' title='bbox 955 2515 1170 2585; x_wconf 86' lang='lat' dir='ltr'><strong>Coisliniana</strong></span> <span class='ocrx_word' id='word_1_143' title='bbox 1182 2539 1213 2603; x_wconf 87' lang='lat' dir='ltr'><strong>p.</strong></span> <span class='ocrx_word' id='word_1_144' title='bbox 1224 2521 1288 2583; x_wconf 89' lang='grc'><strong>512</strong></span> <span class='ocrx_word' id='word_1_145' title='bbox 1302 2517 1529 2604; x_wconf 82' lang='lat' dir='ltr'><strong>(Montiauc.),</strong></span> 
     </span>
     <span class='ocr_line' id='line_1_21' title="bbox 357 2623 1531 2712; baseline 0 -22"><span class='ocrx_word' id='word_1_146' title='bbox 357 2625 451 2710; x_wconf 92' lang='lat' dir='ltr'><strong>quod</strong></span> <span class='ocrx_word' id='word_1_147' title='bbox 481 2626 694 2692; x_wconf 90' lang='lat' dir='ltr'><strong>vocabulum</strong></span> <span class='ocrx_word' id='word_1_148' title='bbox 721 2623 992 2712; x_wconf 90' lang='lat' dir='ltr'><strong>Xenophonteis</strong></span> <span class='ocrx_word' id='word_1_149' title='bbox 1020 2623 1162 2712; x_wconf 88' lang='lat' dir='ltr'><strong>quidem</strong></span> <span class='ocrx_word' id='word_1_150' title='bbox 1196 2623 1399 2712; x_wconf 82' lang='lat' dir='ltr'><strong>explicatur,</strong></span> <span class='ocrx_word' id='word_1_151' title='bbox 1435 2633 1531 2690; x_wconf 88' lang='lat' dir='ltr'><strong>caret</strong></span> 
     </span>
     <span class='ocr_line' id='line_1_22' title="bbox 357 2732 670 2818; baseline 0 -20"><span class='ocrx_word' id='word_1_152' title='bbox 357 2741 477 2798; x_wconf 87' lang='lat' dir='ltr'><strong>autem</strong></span> <span class='ocrx_word' id='word_1_153' title='bbox 500 2732 670 2818; x_wconf 89' lang='lat' dir='ltr'><strong>exemplo.</strong></span> 
     </span>
    </p>

    <p class='ocr_par' dir='ltr' id='par_1_7' title="bbox 356 2835 1531 3459">
     <span class='ocr_line' id='line_1_23' title="bbox 463 2835 1531 2924; baseline -0.003 -18"><span class='ocrx_word' id='word_1_154' title='bbox 463 2835 633 2906; x_wconf 90' lang='lat' dir='ltr'><strong>Similiter</strong></span> <span class='ocrx_word' id='word_1_155' title='bbox 644 2860 682 2904; x_wconf 91' lang='lat' dir='ltr'><strong>se</strong></span> <span class='ocrx_word' id='word_1_156' title='bbox 695 2838 803 2906; x_wconf 90' lang='lat' dir='ltr'><strong>habet</strong></span> <span class='ocrx_word' id='word_1_157' title='bbox 813 2841 857 2906; x_wconf 88' lang='lat'><strong>11.</strong></span> <span class='ocrx_word' id='word_1_158' title='bbox 869 2843 897 2905; x_wconf 85' lang='lat'><strong>2.</strong></span> <span class='ocrx_word' id='word_1_159' title='bbox 912 2842 959 2906; x_wconf 85' lang='lat'><strong>16.</strong></span> <span class='ocrx_word' id='word_1_160' title='bbox 969 2863 999 2905; x_wconf 95' lang='lat' dir='ltr'><strong>v.</strong></span> <span class='ocrx_word' id='word_1_161' title='bbox 1014 2841 1192 2924; x_wconf 69' lang='grc' dir='ltr'><em>ἐοθύωρον,</em></span> <span class='ocrx_word' id='word_1_162' title='bbox 1205 2839 1270 2904; x_wconf 92' lang='lat' dir='ltr'><strong>sub</strong></span> <span class='ocrx_word' id='word_1_163' title='bbox 1283 2859 1353 2924; x_wconf 94' lang='lat' dir='ltr'><strong>quo</strong></span> <span class='ocrx_word' id='word_1_164' title='bbox 1364 2839 1531 2904; x_wconf 87' lang='lat' dir='ltr'><strong>lemmate</strong></span> 
     </span>
     <span class='ocr_line' id='line_1_24' title="bbox 356 2934 1531 3030; baseline -0.002 -19"><span class='ocrx_word' id='word_1_165' title='bbox 356 2953 481 3011; x_wconf 87' lang='lat' dir='ltr'><strong>extant</strong></span> <span class='ocrx_word' id='word_1_166' title='bbox 510 2945 605 3030; x_wconf 87' lang='lat' dir='ltr'><strong>apud</strong></span> <span class='ocrx_word' id='word_1_167' title='bbox 633 2943 782 3013; x_wconf 82' lang='lat' dir='ltr'><strong>Snidam</strong></span> <span class='ocrx_word' id='word_1_168' title='bbox 810 2947 876 3011; x_wconf 78' lang='grc' dir='ltr'><em>ἀντὶ</em></span> <span class='ocrx_word' id='word_1_169' title='bbox 901 2953 957 3013; x_wconf 84' lang='grc' dir='ltr'><strong>τοῦ</strong></span> <span class='ocrx_word' id='word_1_170' title='bbox 985 2948 1051 3012; x_wconf 84' lang='grc' dir='ltr'><strong><em>κατ’</em></strong></span> <span class='ocrx_word' id='word_1_171' title='bbox 1082 2949 1221 3020; x_wconf 73' lang='grc' dir='ltr'><em>εὐθεῖαν,</em></span> <span class='ocrx_word' id='word_1_172' title='bbox 1253 2948 1356 3017; x_wconf 85' lang='grc' dir='ltr'><em>οὕτως</em></span> <span class='ocrx_word' id='word_1_173' title='bbox 1378 2934 1531 3029; x_wconf 77' lang='grc' dir='ltr'><strong><em>Ἀντιφῶν</em></strong></span> 
     </span>
     <span class='ocr_line' id='line_1_25' title="bbox 357 3049 1529 3139; baseline -0.001 -23"><span class='ocrx_word' id='word_1_174' title='bbox 357 3050 415 3117; x_wconf 85' lang='grc' dir='ltr'><strong>καὶ</strong></span> <span class='ocrx_word' id='word_1_175' title='bbox 448 3052 612 3136; x_wconf 86' lang='grc' dir='ltr'><em>Ξενοφῶν.</em></span> <span class='ocrx_word' id='word_1_176' title='bbox 670 3051 910 3138; x_wconf 88' lang='lat' dir='ltr'><strong>Reperiuntur</strong></span> <span class='ocrx_word' id='word_1_177' title='bbox 947 3052 1043 3118; x_wconf 89' lang='lat' dir='ltr'><strong>enim</strong></span> <span class='ocrx_word' id='word_1_178' title='bbox 1082 3053 1176 3139; x_wconf 91' lang='lat' dir='ltr'><strong>apud</strong></span> <span class='ocrx_word' id='word_1_179' title='bbox 1212 3049 1529 3138; x_wconf 89' lang='lat' dir='ltr'><strong>Harpocrationem</strong></span> 
     </span>
     <span class='ocr_line' id='line_1_26' title="bbox 356 3148 1531 3244; baseline 0 -22"><span class='ocrx_word' id='word_1_180' title='bbox 356 3158 429 3224; x_wconf 78' lang='lat' dir='ltr'><strong>fere</strong></span> <span class='ocrx_word' id='word_1_181' title='bbox 459 3159 595 3225; x_wconf 86' lang='lat' dir='ltr'><strong>eadem:</strong></span> <span class='ocrx_word' id='word_1_182' title='bbox 627 3161 816 3242; x_wconf 70' lang='grc' dir='ltr'><em>Εῧθύωρον,</em></span> <span class='ocrx_word' id='word_1_183' title='bbox 839 3161 874 3225; x_wconf 84' lang='grc' dir='ltr'><strong>τὸ</strong></span> <span class='ocrx_word' id='word_1_184' title='bbox 898 3149 968 3226; x_wconf 66' lang='grc' dir='ltr'><strong>κατ’</strong></span> <span class='ocrx_word' id='word_1_185' title='bbox 991 3162 1126 3234; x_wconf 74' lang='grc' dir='ltr'><em>εὐθεῖαν,</em></span> <span class='ocrx_word' id='word_1_186' title='bbox 1149 3148 1302 3244; x_wconf 74' lang='grc' dir='ltr'><em>Ἀντιφῶν</em></span> <span class='ocrx_word' id='word_1_187' title='bbox 1324 3161 1358 3224; x_wconf 69' lang='grc' dir='ltr'><em>ἓν</em></span> <span class='ocrx_word' id='word_1_188' title='bbox 1379 3166 1426 3242; x_wconf 79' lang='grc' dir='ltr'><strong>τῷ</strong></span> <span class='ocrx_word' id='word_1_189' title='bbox 1448 3159 1531 3242; x_wconf 83' lang='grc' dir='ltr'><em>πρὸς</em></span> 
     </span>
     <span class='ocr_line' id='line_1_27' title="bbox 357 3265 1530 3351; baseline 0.002 -22"><span class='ocrx_word' id='word_1_190' title='bbox 357 3265 525 3332; x_wconf 67' lang='grc' dir='ltr'><em>Νικονλὲο.</em></span> <span class='ocrx_word' id='word_1_191' title='bbox 559 3266 599 3332; x_wconf 83' lang='grc' dir='ltr'><strong>τὸ</strong></span> <span class='ocrx_word' id='word_1_192' title='bbox 623 3269 727 3351; x_wconf 84' lang='grc' dir='ltr'><em>ὄνομα</em></span> <span class='ocrx_word' id='word_1_193' title='bbox 750 3265 806 3333; x_wconf 85' lang='grc' dir='ltr'><strong>καὶ</strong></span> <span class='ocrx_word' id='word_1_194' title='bbox 829 3267 917 3351; x_wconf 86' lang='grc' dir='ltr'><em>παρὰ</em></span> <span class='ocrx_word' id='word_1_195' title='bbox 934 3268 1115 3350; x_wconf 78' lang='grc' dir='ltr'><em>Ξενοφῶντι</em></span> <span class='ocrx_word' id='word_1_196' title='bbox 1137 3268 1171 3331; x_wconf 81' lang='grc' dir='ltr'><em>ἐν</em></span> <span class='ocrx_word' id='word_1_197' title='bbox 1188 3267 1317 3350; x_wconf 77' lang='grc' dir='ltr'><strong><em>δευτέρᾳ</em></strong></span> <span class='ocrx_word' id='word_1_198' title='bbox 1336 3266 1530 3349; x_wconf 81' lang='grc' dir='ltr'><em>ἀναβάσεως,</em></span> 
     </span>
     <span class='ocr_line' id='line_1_28' title="bbox 358 3365 1529 3459; baseline -0.002 -22"><span class='ocrx_word' id='word_1_199' title='bbox 358 3370 485 3459; x_wconf 92' lang='lat' dir='ltr'><strong>quibus</strong></span> <span class='ocrx_word' id='word_1_200' title='bbox 520 3373 635 3438; x_wconf 88' lang='lat' dir='ltr'><strong>elucet</strong></span> <span class='ocrx_word' id='word_1_201' title='bbox 668 3365 781 3438; x_wconf 88' lang='lat' dir='ltr'><strong>redire</strong></span> <span class='ocrx_word' id='word_1_202' title='bbox 814 3373 907 3439; x_wconf 89' lang='lat' dir='ltr'><strong>hanc</strong></span> <span class='ocrx_word' id='word_1_203' title='bbox 941 3375 1098 3459; x_wconf 88' lang='lat' dir='ltr'><strong>glossam</strong></span> <span class='ocrx_word' id='word_1_204' title='bbox 1132 3372 1176 3438; x_wconf 91' lang='lat' dir='ltr'><strong>ad</strong></span> <span class='ocrx_word' id='word_1_205' title='bbox 1205 3369 1529 3458; x_wconf 85' lang='lat' dir='ltr'><strong>Harpocrationem.</strong></span> 
     </span>
    </p>

    <p class='ocr_par' dir='ltr' id='par_1_8' title="bbox 356 3477 1532 4101">
     <span class='ocr_line' id='line_1_29' title="bbox 464 3477 1532 3566; baseline -0.006 -18"><span class='ocrx_word' id='word_1_206' title='bbox 464 3478 506 3548; x_wconf 85' lang='lat' dir='ltr'><strong>E.</strong></span> <span class='ocrx_word' id='word_1_207' title='bbox 524 3479 665 3545; x_wconf 88' lang='lat' dir='ltr'><strong>Polluce</strong></span> <span class='ocrx_word' id='word_1_208' title='bbox 680 3488 717 3545; x_wconf 92' lang='lat' dir='ltr'><strong>et</strong></span> <span class='ocrx_word' id='word_1_209' title='bbox 733 3477 913 3564; x_wconf 91' lang='lat' dir='ltr'><strong>Hesychio</strong></span> <span class='ocrx_word' id='word_1_210' title='bbox 923 3481 945 3566; x_wconf 80' lang='lat'><strong>¹)</strong></span> <span class='ocrx_word' id='word_1_211' title='bbox 964 3477 1053 3545; x_wconf 92' lang='lat' dir='ltr'><strong>nihil</strong></span> <span class='ocrx_word' id='word_1_212' title='bbox 1070 3479 1164 3566; x_wconf 92' lang='lat' dir='ltr'><strong>quod</strong></span> <span class='ocrx_word' id='word_1_213' title='bbox 1187 3477 1364 3565; x_wconf 85' lang='lat' dir='ltr'><strong>pertineat</strong></span> <span class='ocrx_word' id='word_1_214' title='bbox 1378 3478 1423 3543; x_wconf 91' lang='lat' dir='ltr'><strong>ad</strong></span> <span class='ocrx_word' id='word_1_215' title='bbox 1438 3478 1532 3542; x_wconf 89' lang='lat' dir='ltr'><strong>Ana·</strong></span> 
     </span>
     <span class='ocr_line' id='line_1_30' title="bbox 356 3585 1532 3674; baseline -0.003 -22"><span class='ocrx_word' id='word_1_216' title='bbox 356 3585 1157 3674; x_wconf 82' lang='lat' dir='ltr'><strong>basindesumpsitSuidas,nisiiortasseunam</strong></span> <span class='ocrx_word' id='word_1_217' title='bbox 1166 3586 1532 3672; x_wconf 70' lang='lat' dir='ltr'><strong>glossamaooaelwirraw</strong></span> 
     </span>
     <span class='ocr_line' id='line_1_31' title="bbox 357 3689 1530 3780; baseline -0.002 -22"><span class='ocrx_word' id='word_1_218' title='bbox 357 3714 389 3780; x_wconf 93' lang='lat' dir='ltr'><strong>p.</strong></span> <span class='ocrx_word' id='word_1_219' title='bbox 408 3698 759 3777; x_wconf 78' lang='lat' dir='ltr'><strong>lcommemoratam,</strong></span> <span class='ocrx_word' id='word_1_220' title='bbox 783 3714 872 3780; x_wconf 91' lang='lat' dir='ltr'><strong>quae</strong></span> <span class='ocrx_word' id='word_1_221' title='bbox 889 3691 1088 3760; x_wconf 89' lang='lat' dir='ltr'><strong>observatio</strong></span> <span class='ocrx_word' id='word_1_222' title='bbox 1111 3691 1219 3760; x_wconf 90' lang='lat' dir='ltr'><strong>etiam</strong></span> <span class='ocrx_word' id='word_1_223' title='bbox 1243 3689 1337 3758; x_wconf 91' lang='lat' dir='ltr'><strong>cadit</strong></span> <span class='ocrx_word' id='word_1_224' title='bbox 1359 3689 1396 3756; x_wconf 90' lang='lat' dir='ltr'><strong>in</strong></span> <span class='ocrx_word' id='word_1_225' title='bbox 1413 3691 1530 3776; x_wconf 85' lang='lat' dir='ltr'><strong>Etym</strong></span> 
     </span>
     <span class='ocr_line' id='line_1_32' title="bbox 361 3797 1531 3886; baseline -0.001 -22"><span class='ocrx_word' id='word_1_226' title='bbox 361 3803 481 3886; x_wconf 87' lang='lat' dir='ltr'><strong>Magn.</strong></span> <span class='ocrx_word' id='word_1_227' title='bbox 505 3810 541 3866; x_wconf 92' lang='lat' dir='ltr'><strong>et</strong></span> <span class='ocrx_word' id='word_1_228' title='bbox 564 3798 633 3866; x_wconf 88' lang='lat' dir='ltr'><strong>alia</strong></span> <span class='ocrx_word' id='word_1_229' title='bbox 657 3822 747 3886; x_wconf 91' lang='lat' dir='ltr'><strong>quae</strong></span> <span class='ocrx_word' id='word_1_230' title='bbox 767 3810 923 3867; x_wconf 84' lang='lat' dir='ltr'><strong>aetatem</strong></span> <span class='ocrx_word' id='word_1_231' title='bbox 947 3801 1105 3866; x_wconf 90' lang='lat' dir='ltr'><strong>tulerunt</strong></span> <span class='ocrx_word' id='word_1_232' title='bbox 1127 3797 1247 3866; x_wconf 88' lang='lat' dir='ltr'><strong>lexica.</strong></span> <span class='ocrx_word' id='word_1_233' title='bbox 1294 3798 1384 3865; x_wconf 86' lang='lat' dir='ltr'><strong>Cum</strong></span> <span class='ocrx_word' id='word_1_234' title='bbox 1411 3807 1531 3864; x_wconf 91' lang='lat' dir='ltr'><strong>autem</strong></span> 
     </span>
     <span class='ocr_line' id='line_1_33' title="bbox 360 3903 1531 3994; baseline -0.001 -22"><span class='ocrx_word' id='word_1_235' title='bbox 360 3909 497 3992; x_wconf 89' lang='lat' dir='ltr'><strong>glossas</strong></span> <span class='ocrx_word' id='word_1_236' title='bbox 534 3905 733 3990; x_wconf 90' lang='lat' dir='ltr'><strong>Suidianas,</strong></span> <span class='ocrx_word' id='word_1_237' title='bbox 770 3905 932 3993; x_wconf 89' lang='lat' dir='ltr'><strong>quamvis</strong></span> <span class='ocrx_word' id='word_1_238' title='bbox 970 3905 1043 3974; x_wconf 92' lang='lat' dir='ltr'><strong>sint</strong></span> <span class='ocrx_word' id='word_1_239' title='bbox 1079 3927 1225 3994; x_wconf 90' lang='lat' dir='ltr'><strong>paucae,</strong></span> <span class='ocrx_word' id='word_1_240' title='bbox 1263 3926 1344 3971; x_wconf 91' lang='lat' dir='ltr'><strong>cum</strong></span> <span class='ocrx_word' id='word_1_241' title='bbox 1382 3903 1531 3972; x_wconf 88' lang='lat' dir='ltr'><strong>aliorum</strong></span> 
     </span>
     <span class='ocr_line' id='line_1_34' title="bbox 357 4010 1531 4101; baseline 0.001 -23"><span class='ocrx_word' id='word_1_242' title='bbox 357 4012 526 4079; x_wconf 90' lang='lat' dir='ltr'><strong>librorum</strong></span> <span class='ocrx_word' id='word_1_243' title='bbox 543 4012 671 4100; x_wconf 89' lang='lat' dir='ltr'><strong>glossis</strong></span> <span class='ocrx_word' id='word_1_244' title='bbox 683 4013 865 4080; x_wconf 84' lang='lat' dir='ltr'><strong>Anabasin</strong></span> <span class='ocrx_word' id='word_1_245' title='bbox 882 4011 1124 4101; x_wconf 89' lang='lat' dir='ltr'><strong>spectantibus</strong></span> <span class='ocrx_word' id='word_1_246' title='bbox 1134 4033 1328 4099; x_wconf 86' lang='lat' dir='ltr'><strong>congruere</strong></span> <span class='ocrx_word' id='word_1_247' title='bbox 1338 4010 1531 4096; x_wconf 88' lang='lat' dir='ltr'><strong>videamus,</strong></span> 
     </span>
    </p>
   </div>
   <div class='ocr_carea' id='block_1_3' title="bbox 358 4193 1531 4452">
    <p class='ocr_par' dir='ltr' id='par_1_9' title="bbox 358 4193 1531 4452">
     <span class='ocr_line' id='line_1_35' title="bbox 470 4193 1531 4278; baseline 0.001 -23"><span class='ocrx_word' id='word_1_248' title='bbox 470 4196 494 4274; x_wconf 91' lang='lat'><strong>¹)</strong></span> <span class='ocrx_word' id='word_1_249' title='bbox 519 4198 608 4268; x_wconf 85' lang='lat' dir='ltr'><strong>Quae</strong></span> <span class='ocrx_word' id='word_1_250' title='bbox 624 4213 648 4258; x_wconf 92' lang='lat' dir='ltr'><strong>s.</strong></span> <span class='ocrx_word' id='word_1_251' title='bbox 666 4213 712 4258; x_wconf 90' lang='lat' dir='ltr'><strong>vv.</strong></span> <span class='ocrx_word' id='word_1_252' title='bbox 729 4194 882 4278; x_wconf 80' lang='grc' dir='ltr'><strong><em>πυραμός,</em></strong></span> <span class='ocrx_word' id='word_1_253' title='bbox 907 4194 1026 4277; x_wconf 82' lang='grc' dir='ltr'><em>κάρφη,</em></span> <span class='ocrx_word' id='word_1_254' title='bbox 1049 4194 1188 4277; x_wconf 80' lang='grc' dir='ltr'><em>βάλανος</em></span> <span class='ocrx_word' id='word_1_255' title='bbox 1211 4199 1349 4273; x_wconf 81' lang='lat' dir='ltr'><strong>leguntur</strong></span> <span class='ocrx_word' id='word_1_256' title='bbox 1371 4198 1401 4256; x_wconf 90' lang='lat' dir='ltr'><strong>in</strong></span> <span class='ocrx_word' id='word_1_257' title='bbox 1418 4193 1531 4257; x_wconf 86' lang='lat' dir='ltr'><strong>Suidae</strong></span> 
     </span>
     <span class='ocr_line' id='line_1_36' title="bbox 358 4282 1531 4363; baseline 0 -18"><span class='ocrx_word' id='word_1_258' title='bbox 358 4285 468 4358; x_wconf 86' lang='lat' dir='ltr'><strong>lexico,</strong></span> <span class='ocrx_word' id='word_1_259' title='bbox 497 4286 623 4346; x_wconf 87' lang='lat' dir='ltr'><strong>multum</strong></span> <span class='ocrx_word' id='word_1_260' title='bbox 652 4282 798 4346; x_wconf 74' lang='lat' dir='ltr'><strong>differunt</strong></span> <span class='ocrx_word' id='word_1_261' title='bbox 826 4285 864 4347; x_wconf 89' lang='lat' dir='ltr'><strong>ab</strong></span> <span class='ocrx_word' id='word_1_262' title='bbox 892 4287 940 4358; x_wconf 87' lang='lat' dir='ltr'><strong>iis,</strong></span> <span class='ocrx_word' id='word_1_263' title='bbox 969 4302 1048 4363; x_wconf 87' lang='lat' dir='ltr'><strong>quae</strong></span> <span class='ocrx_word' id='word_1_264' title='bbox 1076 4285 1136 4347; x_wconf 89' lang='lat' dir='ltr'><strong>sub</strong></span> <span class='ocrx_word' id='word_1_265' title='bbox 1163 4286 1274 4347; x_wconf 87' lang='lat' dir='ltr'><strong>iisdem</strong></span> <span class='ocrx_word' id='word_1_266' title='bbox 1297 4286 1425 4347; x_wconf 86' lang='lat' dir='ltr'><strong>vocibus</strong></span> <span class='ocrx_word' id='word_1_267' title='bbox 1449 4284 1531 4363; x_wconf 83' lang='lat' dir='ltr'><strong>apud</strong></span> 
     </span>
     <span class='ocr_line' id='line_1_37' title="bbox 360 4372 741 4452; baseline 0.005 -18"><span class='ocrx_word' id='word_1_268' title='bbox 360 4372 550 4452; x_wconf 87' lang='lat' dir='ltr'><strong>Hesychium</strong></span> <span class='ocrx_word' id='word_1_269' title='bbox 574 4376 741 4436; x_wconf 86' lang='lat' dir='ltr'><strong>occurrunt.</strong></span> 
     </span>
    </p>
   </div>
   <div class='ocr_carea' id='block_1_4' title="bbox 0 0 1786 5166">
    <p class='ocr_par' dir='ltr' id='par_1_10' title="bbox 0 0 1786 5166">
     <span class='ocr_line' id='line_1_38' title="bbox 0 0 1786 5166; baseline 0 0"><span class='ocrx_word' id='word_1_270' title='bbox 0 0 1786 5166; x_wconf 95' lang='lat' dir='ltr'><strong> </strong></span> 
     </span>
    </p>
   </div>
  </div>
 </body>
</html>
