3550 5166
797 397 1020 459 ,18-

318 606 497 693 ὀεσπόταις)
531 603 739 692 ἀποκείμεναι
773 607 937 673 ἀπόλεκτοι
974 606 1064 691 ἦσαν.
1123 604 1380 691 Exspectamus
1413 601 1493 671 Sui-

317 715 400 781 dam
433 734 497 801 pro
525 709 560 780 ol
589 714 632 796 δὲ,
666 713 760 799 quod
794 709 832 778 in
867 723 1032 798 excerpto
1067 709 1227 798 intellegi
1263 732 1335 777 non
1366 719 1491 797 potest,

320 823 353 887 al
377 821 411 886 δὲ
432 821 567 906 βάλανοι
590 828 752 886 accurate
775 816 988 905 scripturum
1011 816 1127 885 fuisse

426 941 540 1010 Maior
570 940 625 1009 vis
659 941 926 1010 demonstrandi
964 941 1059 1009 inest
1096 942 1257 1028 exemplo
1291 938 1388 1008 vocis
1426 939 1491 1008 ἕνέ-

318 1052 417 1136 βαλεν
448 1047 678 1136 transscripto
707 1071 752 1116 ex
773 1049 888 1117 Anab.
916 1052 941 1116 1.
966 1053 995 1118 5.
1022 1053 1071 1132 ll,
1102 1046 1164 1116 ubi
1191 1069 1255 1137 pro
1283 1050 1302 1113 ὁ
1328 1048 1494 1132 Κλέαρχος

317 1155 470 1224 breviter
496 1153 617 1243 posuit
642 1159 661 1222 ὁ
691 1158 733 1232 δὲ,
765 1177 829 1244 pro
859 1158 913 1223 τὸν
942 1164 997 1222 τοῦ
1025 1156 1183 1227 Μένωνος
1214 1151 1328 1221 obiter
1354 1151 1494 1240 scripsit

317 1271 428 1330 τοῦτον
456 1273 492 1330 et
518 1261 616 1329 vocis
651 1264 832 1351 διαγγέλων
861 1262 937 1349 (ΙΙΙ.
962 1267 990 1328 4.
1016 1260 1079 1349 36),
1114 1260 1175 1328 ubi
1204 1269 1297 1327 certe
1332 1260 1493 1328 consulto

318 1367 438 1438 omisit
461 1366 493 1436 oi
510 1370 669 1454 Ἕλληνες.

426 1495 528 1577 Quae
543 1491 736 1579 specimina
760 1491 974 1560 contrarium
995 1493 1103 1579 plane
1118 1490 1277 1559 studium
1300 1492 1494 1560 ostendunt

320 1599 389 1666 illis
412 1598 625 1683 nominibus,
649 1621 739 1686 quae
763 1609 848 1667 sunt
870 1598 965 1686 apud
980 1599 1264 1685 Xenophontem,
1288 1598 1493 1687 suppressis,

426 1724 545 1810 Atque
568 1721 675 1790 etiarn
699 1721 855 1810 alioquin
879 1721 968 1790 mihi
991 1721 1159 1810 persuasi,
1193 1722 1342 1792 Suidam
1370 1721 1408 1788 in
1436 1745 1493 1789 ex-

321 1830 495 1918 cerpendo
526 1840 656 1896 certam
689 1851 849 1897 normam
880 1852 952 1897 non
986 1851 1063 1897 esse
1098 1840 1268 1913 secutum,
1302 1827 1421 1916 potius
1449 1830 1494 1895 ad

321 1934 506 2003 libidinem
534 1934 736 2002 exhibuisse
758 1937 1028 2023 Xenophontea.
1076 1934 1185 2003 Cuius
1213 1934 1263 2002 rei
1292 1935 1494 2022 exemplum

321 2042 358 2110 in
375 2042 532 2110 medium
547 2041 606 2110 hic
620 2044 820 2130 producam.
868 2043 936 2114 Est
958 2044 1056 2110 locus
1080 2045 1126 2110 11.
1144 2047 1172 2109 3.
1194 2047 1243 2118 11,
1265 2064 1372 2130 quem
1395 2040 1496 2108 aliter

321 2150 446 2220 citavit
474 2150 726 2238 grammaticus
755 2173 779 2217 s.
805 2175 835 2218 v.
864 2152 1049 2236 βλακεύεται
1076 2160 1183 2237 atque
1211 2172 1235 2216 s.
1257 2173 1288 2216 v.
1317 2149 1496 2235 ἐπιτήδειος

321 2259 376 2346 (cf.
390 2280 422 2344 p.
439 2262 478 2324 15
488 2279 546 2344 sq.,
561 2256 622 2324 ubi
639 2255 747 2323 etiam
762 2257 923 2343 exempla
937 2257 1074 2343 prolata
1086 2255 1256 2351 reperies).
1285 2253 1496 2323 Differentia

322 2374 442 2432 autern
466 2362 598 2431 citandi
622 2362 738 2451 posita
761 2373 816 2430 est
834 2362 871 2429 in
889 2361 1077 2430 afferendis
1094 2361 1210 2430 verbis
1225 2361 1495 2448 Xenophonteis

321 2463 355 2537 ἓν
377 2472 436 2555 μὲν
458 2478 496 2555 τῇ
520 2473 669 2560 ἀριστερᾷ
689 2472 774 2554 χειρὶ
795 2471 831 2535 τὸ
848 2471 927 2554 δόρυ
944 2473 1034 2555 ἔχων,
1058 2473 1091 2536 ἓν
1108 2471 1142 2535 δὲ
1156 2478 1194 2555 τῇ
1211 2471 1300 2555 δεξιᾷ
1313 2472 1495 2555 βακτηρίαν,

321 2571 411 2664 quae
435 2577 479 2642 ad
503 2573 730 2644 illustrandas
754 2575 832 2642 illas
849 2578 986 2662 glossas
1001 2598 1073 2643 non
1092 2574 1182 2643 tanti
1199 2585 1300 2642 erant
1314 2575 1494 2643 momenti.

322 2687 375 2752 Ut
397 2693 517 2750 autem
538 2705 636 2749 more
659 2705 724 2749 suo
748 2681 962 2749 sententiam
983 2681 1134 2769 exempli
1155 2683 1286 2749 faceret
1305 2683 1496 2769 perfectam

323 2800 429 2877 atque
449 2788 649 2873 dilucidam,
673 2811 744 2855 non
761 2787 939 2876 integram
955 2788 1106 2876 quidem,
1130 2789 1191 2855 sed
1208 2789 1302 2875 quod
1318 2811 1497 2856 summum

323 2906 399 2963 erat
413 2893 590 2980 orationis
607 2894 858 2984 transsumpsit
872 2896 978 2962 modo
995 2888 1013 2962 ὁ
1030 2896 1067 2964 δὲ
1081 2895 1264 2981 βακτηρίαν
1279 2899 1361 2982 ἔχων
1372 2894 1497 2963 leviter

325 3001 496 3069 exhibens
518 3001 624 3068 modo
645 3000 753 3069 etiam
768 3001 911 3070 brevius
926 3009 967 3092 τῇ
982 3001 1152 3092 βακτηρίᾳ,
1173 3002 1267 3089 quod
1283 3001 1378 3068 idem
1392 3003 1496 3086 valet,

325 3109 488 3197 quodque
516 3107 713 3175 necessario
740 3107 778 3174 in
802 3107 875 3174 line
902 3107 1093 3194 fragmenti
1117 3107 1283 3195 apposuit
1309 3106 1360 3174 illi
1384 3113 1498 3178 ἔπαιεν

326 3203 376 3283 ὅν.
429 3215 544 3282 Causa
578 3212 686 3281 huius
720 3213 930 3301 excerpendi
966 3213 1221 3301 discrepantiae
1256 3213 1331 3282 erni
1364 3214 1497 3303 nequit,

326 3322 419 3410 quod
443 3344 568 3390 veros.
587 3346 618 3389 v.
643 3319 840 3410 ἐπιτήδειος
861 3319 982 3388 omisit
997 3322 1104 3389 verba
1126 3327 1189 3388 τῶν
1212 3323 1304 3407 πρὸς
1325 3331 1424 3391 ταῦτα
1446 3347 1497 3389 νε-

323 3428 502 3517 ναημὲνων,
519 3438 641 3495 contra
657 3425 918 3513 εαβλααεύεεαι
931 3426 1109 3515 integram
1125 3426 1279 3495 reddidit
1293 3427 1497 3512 orationem,

323 3544 417 3602 recte
445 3535 592 3602 fortasse
620 3557 662 3601 eo
692 3533 892 3621 explicabis
921 3535 1015 3621 quod
1043 3533 1079 3599 in
1108 3534 1175 3600 hac
1201 3533 1278 3621 ipsa
1301 3533 1499 3602 sententiae

324 3652 424 3727 parte
439 3640 620 3709 invenitur
636 3642 755 3728 glossa
769 3643 971 3727 βλακεύεται,
996 3639 1097 3707 cuius
1113 3640 1228 3727 gratia
1244 3640 1368 3709 citavit
1381 3645 1499 3708 Xeno-

327 3748 484 3834 phontea
507 3746 787 3835 lexicographus.

434 3874 511 3938 Iam
534 3871 602 3938 hoc
625 3873 786 3958 exemplo
810 3870 906 3940 aliud
929 3869 1061 3941 Suidae
1081 3871 1239 3938 studium
1256 3871 1499 3960 cognovimus.

207 3997 210 4002 ·
322 3981 369 4078 μΙα
393 3977 515 4046 multis
538 3978 634 4045 enirn
656 3977 742 4046 locis
765 3977 1003 4046 describendis
1026 3977 1211 4065 negotium
1235 4000 1339 4047 suum
1354 3978 1498 4046 liberius

325 4083 463 4170 peregit
496 4073 695 4152 subtractis
717 4085 863 4153 vocibus
895 4086 953 4152 vel
982 4083 1157 4169 membris,
1185 4107 1265 4153 cum
1293 4084 1369 4153 sine
1397 4085 1499 4152 detri-

326 4201 447 4258 mento
465 4190 662 4259 sententiae
677 4190 754 4258 fieri
769 4191 937 4278 potuerit3
954 4191 1053 4258 cuius
1070 4190 1119 4258 rei
1132 4193 1373 4281 exemplorum
1388 4191 1500 4260 instar

328 4296 412 4364 sint:
