3540 5294
772 369 993 431 ..16-

400 573 501 644 aliter
524 599 548 643 S.
572 600 604 644 v.
629 580 811 664 ἕκιτήὸαοςτ

401 684 441 750 ‘O
468 686 502 750 δὲ
524 687 699 770 βακτηρίαν
722 689 814 770 ἔχων,
838 689 930 758 εἴτις
952 687 1038 774 αὐτῷ
1061 683 1175 770 δοκοίη
1199 688 1374 772 βλακεύειν,
1402 689 1466 754 ant.

292 817 317 856 τ.
346 794 391 857 ἐκ.
421 795 528 858 ἔκαιεν
556 794 604 858 ἄν.
652 794 732 858 Hoc
767 795 785 858 ὁ
814 794 848 859 δὲ
874 794 1048 878 βακτηρίαν
1081 813 1100 858 e
1126 795 1215 859 Xen.
1243 792 1355 859 Anab.
1381 814 1467 882 'esse

293 899 542 986 depromptum
572 897 706 986 liquido
739 909 896 985 apparet,
931 897 1087 985 itemque
1119 899 1234 965 elucet
1265 901 1467 986 exemplum

293 1007 433 1092 glossae
454 1006 642 1090 βλακεύεται
665 1027 737 1072 non
761 1005 909 1072 fluxisse
932 1027 958 1072 e.
974 1027 1006 1072 v.
1024 1007 1211 1090 ἐκιτήὸειοςε
1236 1005 1466 1092 nequeenim

291 1135 323 1179 v.
348 1113 522 1197 ἐπιτήδειος
545 1112 651 1178 habet
673 1120 738 1178 τῶν
759 1114 841 1197 πρὸς
863 1121 955 1178 τοῦτο
977 1116 1183 1202 τεταγμένων,
1211 1134 1301 1200 quae
1323 1114 1468 1199 praebet

293 1219 339 1306 gl.
362 1221 556 1303 βίακεύεται.

402 1323 540 1391 Deinde
555 1326 804 1412 fragmentum,
828 1326 922 1412 quod
946 1335 1125 1413 comparet
1148 1347 1172 1391 s.
1190 1349 1220 1392 v.
1242 1329 1467 1411 ὑποπέμψαιεν

292 1430 467 1518 originem
489 1453 561 1498 non
586 1429 689 1499 duxit
712 1453 731 1498 e
754 1453 840 1498 voce
864 1434 976 1515 ὀκνεῖν,
1000 1432 1061 1498 sed
1081 1453 1125 1498 ex
1140 1431 1309 1516 Anabasi3
1335 1433 1467 1500 etenim

293 1540 407 1606 multo
423 1537 565 1605 uberius
581 1548 636 1605 est
651 1539 852 1624 exemplum
867 1536 963 1604 illius
976 1538 1115 1624 glossae
1127 1560 1233 1624 qnam
1245 1537 1342 1606 vocis
1354 1542 1465 1608 ὀκνεῖν.
1553 1565 1559 1578 ·

400 1647 500 1730 Quae
538 1643 690 1732 denique
728 1665 754 1711 s.
788 1669 819 1712 v.
859 1647 980 1730 ἠλίθιος
1018 1656 1161 1712 exarata
1205 1656 1301 1712 sunt:
1350 1648 1392 1712 Τὸ
1431 1647 1468 1714 δὲ

292 1753 415 1818 ἁπλοῦν
447 1754 500 1818 καί
528 1753 648 1836 ἀληθὲς
680 1751 837 1836 ἕνομίζπο
869 1755 954 1841 αὐτῷ
984 1754 1110 1837 ἠλίθιον
1141 1755 1217 1818 εἶναι
1245 1750 1466 1819 Gaisfordius

292 1869 415 1926 monet
449 1879 525 1924 esse
559 1857 808 1945 Xenophontis
843 1859 953 1925 Anab.
987 1862 1031 1925 H.
1062 1863 1089 1926 6.
1118 1863 1169 1943 22,
1208 1870 1330 1926 contra
1362 1881 1467 1946 quem

293 1965 556 2051 Bernhardyus:
591 1967 722 2052 „Fugit
743 1966 843 2032 illum
854 1967 942 2051 sons
958 1967 1115 2052 exempli,
1141 1967 1204 2052 qui
1218 1967 1410 2032 continetur
1419 1969 1466 2053 gt.

292 2075 448 2146 Mtvwv‘z
479 2070 540 2140 ubi
569 2094 655 2139 sane
683 2072 805 2138 eadem
833 2083 1026 2157 recurrunt,
1054 2071 1123 2140 nisi
1147 2074 1241 2160 quod
1264 2095 1327 2161 pro
1351 2075 1469 2158 ἀληθὲς

292 2177 424 2264 legitur
451 2180 487 2245 τὸ
510 2180 636 2264 ἀληθές.
683 2181 810 2266 Neque
843 2187 961 2246 tamen
990 2180 1212 2266 exploratum
1240 2180 1363 2264 habeo,
1398 2203 1467 2267 qua

293 2285 337 2352 de
365 2306 471 2352 causa
498 2285 599 2352 hanc·
619 2284 833 2352 sententiam
861 2285 1117 2373 exprompserit
1148 2285 1202 2353 vir
1235 2285 1467 2369 doctissimus,

294 2411 378 2458 nam
395 2392 518 2458 eodem
533 2390 609 2458 iure
625 2401 779 2459 statuere
794 2391 877 2460 licet
892 2391 1088 2478 inspexisse
1108 2392 1140 2458 h.
1158 2393 1177 2459 l.
1195 2391 1468 2479 grammaticum

206 2557 209 2566 .
294 2496 411 2584 ipsum
424 2499 629 2566 Anabaseos
645 2500 833 2586 exemplar.
873 2502 999 2586 Neque
1015 2498 1110 2566 enim
1126 2500 1220 2586 quod
1237 2500 1302 2566 sub
1318 2509 1467 2586 utraque

297 2605 416 2692 glossa
439 2608 561 2691 ἐνόμιζε
580 2609 615 2672 τό
639 2606 870 2692 depravatum
894 2616 948 2673 est
970 2605 1007 2672 in
1025 2609 1183 2691 ἐνομίζετο
1205 2606 1467 2673 demonstratur

294 2733 457 2780 manasse
481 2713 682 2800 exemplum
702 2714 842 2800 glossae
857 2716 980 2798 ἠλίθιον
995 2734 1039 2779 ex
1055 2711 1218 2780 inferiore
1233 2735 1320 2781 voce
1335 2713 1466 2778 Μένων.

786 2996 904 3082 caput
927 2998 980 3067 111.

402 3138 585 3204 Nonnulla
627 3137 779 3226 deniqne
816 3138 965 3206 dicenda
1007 3150 1092 3207 sunt
1128 3140 1173 3206 de
1210 3137 1359 3222 ratione,
1398 3161 1468 3226 qna

295 3265 381 3311 usus
416 3255 469 3311 est
503 3243 632 3314 Suidas
666 3243 703 3311 in
741 3247 959 3333 excerpenda
993 3245 1157 3313 Anabasi.
1213 3249 1338 3333 Neque
1373 3244 1467 3312 enim

294 3373 431 3439 semper
466 3364 628 3419 accurate
663 3351 847 3440 exscripsit
881 3375 986 3441 quem
1020 3351 1183 3421 adhibuit
1217 3351 1467 3439 Xenophontis

297 3458 460 3542 codicem,
485 3460 546 3526 sed
568 3457 724 3527 mutavit
746 3461 802 3526 vel
827 3459 964 3527 addidit
986 3460 1102 3545 verba,
1125 3470 1167 3526 ut
1189 3482 1238 3544 ea,
1263 3481 1353 3546 quae
1368 3469 1467 3526 extra

294 3565 454 3634 ordinem
489 3565 658 3634 orationis
691 3578 846 3653 poneret,
881 3569 1011 3634 faceret
1036 3566 1196 3653 planiora
1222 3568 1278 3634 vel
1306 3565 1467 3652 neglexit

297 3695 387 3760 quae
410 3673 454 3739 ad
478 3671 755 3759 intellegendam
778 3672 992 3740 sententiam
1015 3671 1082 3740 sibi
1106 3672 1247 3740 inutilia
1270 3693 1347 3739 esse
1372 3670 1468 3740 vide-

295 3780 434 3863 bantur,
458 3789 499 3847 ut
521 3779 617 3846 hand
640 3778 879 3867 infrequenter
893 3780 1155 3866 Xenophonteo
1170 3781 1284 3846 multo
1306 3778 1467 3846 breviora

295 3896 522 3973 compareant
556 3885 592 3952 in
626 3884 757 3955 Suidae
791 3885 912 3971 lexico,
947 3908 1054 3973 quam
1082 3885 1212 3973 scripta
1239 3884 1401 3954 videmus
1429 3886 1466 3952 in

294 3992 459 4061 Anabasi.
507 3997 677 4081 Persaepe
699 3991 736 4058 in
761 3991 862 4062 initio
883 3992 1034 4080 exempli
1050 3994 1158 4060 verba
1171 3992 1337 4060 licentius
1352 3992 1466 4077 finxit,

294 4121 367 4168 non
391 4123 468 4168 raro
484 4098 594 4166 finem
610 4098 844 4183 conformavit
858 4098 1012 4168 liberius.
1060 4099 1169 4167 Haud
1184 4098 1311 4167 inutile
1326 4099 1467 4167 videtur

294 4208 340 4276 ad
356 4217 450 4275 recte
465 4206 693 4274 iudicandum
709 4207 754 4272 de
769 4205 900 4276 Suidae
919 4205 1129 4274 lectionibus
1145 4207 1241 4274 hunc
1257 4204 1466 4294 excerpendi

296 4335 401 4382 usum
438 4312 608 4400 exemplis
643 4312 825 4398 illustrare,
860 4312 988 4401 quibus
1023 4313 1177 4401 cognitis
1210 4313 1296 4380 alias
1327 4334 1466 4400 quoque

1533 4373 1556 4486 ί
