3550 5166
760 395 981 458 ..19-

383 607 427 671 lI.
455 610 482 674 1.
505 608 524 671 6
546 626 570 670 s.
588 627 619 671 v.
640 602 814 684 κόπτοντες
822 606 844 683 ¹)
859 603 1121 693 Xenophontea
1136 606 1171 669 έκ
1181 608 1249 670 τῶν
1263 593 1456 688 ὑποζυγίων

270 710 456 792 κόπτοντες
488 713 565 784 τοὺς
595 716 675 796 βοῦς
709 709 764 777 καὶ
800 699 897 791 όνονς
929 709 1083 778 breviter
1109 708 1228 796 coegit
1254 707 1383 779 Suidas
1415 709 1453 776 in

272 814 316 886 τό
331 811 493 908 όποζόμια
515 819 698 898 κόπτοντες.

383 943 527 1026 Eorum,
551 962 642 1029 quae
665 942 835 1028 leguntur
857 942 952 1028 apud
975 941 1250 1028 Xenophontem
1274 943 1318 1007 II.
1344 944 1371 1008 2.
1399 946 1454 1007 17:

271 1053 306 1114 οῖ
333 1048 369 1117 δὲ
391 1053 524 1133 ὕστεροι
548 1053 701 1116 σκοταῖοι
724 1045 921 1136 προσιόντες
945 1039 991 1128 ὦς
1013 1048 1188 1138 ἐτύγχανον
1210 1047 1345 1115 ἕκαστοι
1366 1049 1456 1132 ηὐλί-

278 1160 384 1240 ζοντο,
411 1153 550 1238 Suidas,
578 1153 638 1242 qui
662 1155 708 1220 ad
730 1153 982 1221 illustrandum
1004 1152 1091 1222 illud
1116 1159 1265 1222 σκοταῖοι
1288 1154 1385 1220 hunc
1407 1154 1456 1220 lo·

272 1272 357 1328 cum
390 1259 519 1344 attulit,
553 1261 714 1327 consulto
748 1259 868 1328 omisit
899 1261 1008 1328 verba
1040 1250 1086 1341 ὦς
1112 1259 1285 1350 ἐτύγχανον
1313 1263 1452 1342 ἔκαστοι,

272 1367 404 1455 quibus
428 1389 544 1434 carere
567 1365 691 1454 potuit

286 1485 291 1496 ’
384 1494 443 1560 IV.
468 1496 496 1558 2.
521 1496 540 1558 3
564 1494 654 1558 Xen.
678 1492 789 1558 Anab.
815 1489 1001 1560 ἐκυλίνδουν
1024 1495 1055 1559 ol
1072 1489 1236 1579 βάρβαροι
1251 1484 1456 1580 ὁλοιτρόχους

272 1589 476 1690 άμαξιαίους
502 1597 557 1666 καὶ
583 1598 716 1686 μείζους
742 1600 796 1664 καί
823 1595 985 1682 ἐλάττους,
1019 1601 1055 1664 οί
1075 1596 1251 1688 φερόμενοι
1280 1594 1369 1684 πρὸς
1396 1595 1457 1680 τός

275 1709 400 1790 πέτρας
433 1704 610 1786 πταίοντες
643 1706 930 1796 διεσφενδονῶντο.
981 1703 1078 1773 Suid.
1115 1704 1152 1793 (s.
1172 1728 1204 1773 v.
1238 1695 1454 1794 ὁλοιτρόχους)

276 1813 386 1878 verba
408 1811 465 1880 καὶ
487 1815 619 1898 μείζους
641 1814 696 1879 καί
718 1808 871 1892 ἐλάττους
893 1820 930 1878 et
950 1805 1035 1896 πρός
1055 1805 1114 1892 τός
1134 1814 1252 1900 πέτρας
1275 1815 1455 1892 πταίοντες,

273 1940 358 1985 cum
381 1917 413 1986 ei
437 1919 482 1986 ad
506 1940 580 1985 rem
602 1939 821 2004 supervacua
844 1915 1056 2000 viderentur,
1079 1916 1246 2003 neglexit

384 2044 502 2131 Atque
519 2040 651 2110 citandi
667 2042 773 2108 modo
789 2039 908 2127 potins
924 2062 1031 2129 quam
1046 2039 1166 2125 codici,
1182 2063 1286 2128 quem
1301 2040 1338 2109 in
1350 2064 1455 2110 usum

235 2179 237 2184 ·
277 2148 420 2216 vocavit
456 2147 718 2236 grammaticus,
755 2147 983 2215 tribuendum
1013 2156 1080 2232 est,
1115 2149 1209 2236 quod
1242 2147 1455 2218 sententiam

275 2255 577 2342 Xenophonteam
601 2258 626 2321 Ι.
651 2259 679 2321 5.
708 2259 747 2320 10
772 2257 858 2322 οἶνον
879 2281 911 2320 τε
934 2253 1016 2343 (scil.
1041 2257 1232 2342 ἐλάμβανον)
1257 2259 1292 2323 ἐκ
1313 2261 1374 2345 τῆς
1395 2262 1457 2342 βα-

275 2356 377 2430 λάνου
405 2366 630 2452 πεποιημένον
656 2367 716 2450 τῆς
740 2353 813 2429 άπό
836 2369 896 2428 τοῦ
920 2360 1070 2451 φοίνικος
1092 2384 1117 2430 s
1133 2385 1164 2428 v.
1188 2359 1332 2448 βάλανος
1354 2359 1456 2430 aliter

275 2470 422 2556 profert:
459 2463 548 2536 οἶνον
574 2466 692 2536 ἔπινον
720 2459 792 2534 άπό
822 2473 884 2556 τῆς
905 2464 1049 2552 βαλάνου
1075 2474 1136 2557 τῆς
1163 2460 1237 2535 άπό
1265 2474 1324 2536 τοῦ
1352 2472 1457 2558 φοίνι-

276 2600 345 2656 κος.
392 2575 497 2659 Quod
520 2575 721 2660 exemplum
745 2595 852 2659 quam
866 2571 1076 2662 festinanter
1090 2571 1219 2642 Suidas
1235 2572 1457 2661 descripserit

177 2679 180 2686 '
276 2679 362 2747 inde
393 2689 552 2768 apparet,
587 2679 681 2766 quod
709 2701 780 2746 non
810 2700 829 2745 e
857 2688 1025 2762 contextu
1059 2677 1239 2768 supplevit
1260 2678 1454 2766 ἐλάμβανον,

275 2789 341 2854 sed
364 2785 451 2853 illud
472 2791 596 2870 ἔπινον,
620 2807 726 2873 quam
746 2784 929 2853 notionem
943 2785 1020 2852 loco
1036 2786 1297 2873 Xenophonteo
1313 2785 1455 2873 quidem

276 2892 431 2962 alienam
446 2891 483 2958 in
495 2902 615 2960 mente
630 2901 830 2979 promptam
845 2892 1000 2959 habebat
1015 2893 1060 2959 ad
1075 2914 1199 2960 vocem
1215 2887 1314 2962 οἶνον.
1350 2897 1456 2961 Porro

277 3022 342 3086 pro
375 3003 410 3066 ἐκ
443 3005 500 3089 τῆς
530 2997 673 3084 βαλάνου
705 3002 935 3089 πεποιημένον
961 2999 1100 3086 parcius
1128 2998 1267 3087 scripsit
1295 2992 1368 3068 άπό
1397 3007 1457 3092 τῆς

275 3107 426 3190 βαλάνου.

388 3234 479 3297 Item
511 3229 653 3299 brevius
684 3228 847 3297 exhibuit
875 3249 901 3297 s:
925 3254 957 3298 v.
985 3229 1181 3319 καρβάσιναι
1208 3231 1456 3318 Xenophontis

279 3339 388 3406 verba
416 3341 474 3406 IV.
499 3342 527 3403 5.
556 3343 594 3403 14
622 3335 817 3423 καρβάτιναι
846 3336 1068 3427 πεποιημένω
1095 3340 1130 3403 ἐκ
1158 3386 1166 3404 .
1192 3390 1200 3407 .
1225 3389 1232 3403 .
1260 3343 1358 3423 βοῶν,
1388 3338 1456 3405 hoc

278 3466 419 3532 quoque
442 3445 520 3511 loco
542 3447 760 3533 πεποιημέναι
782 3441 1073 3531 praetermittens

292 3589 296 3596 ’
389 3574 533 3637 Prorsus
560 3567 685 3636 leviter
713 3564 887 3653 decerpsit
913 3567 1031 3634 locum
1054 3569 1113 3634 IV.
1138 3572 1166 3634 3.
1194 3572 1230 3634 ll
1262 3591 1287 3634 s.
1311 3592 1342 3635 v.
1369 3567 1457 3656 μάρ-

279 3700 419 3761 σιτιπος,
451 3697 556 3762 quem
584 3672 745 3761 plurimis
771 3671 939 3741 membris
967 3671 1097 3760 pressis
1124 3672 1237 3742 sicin
1266 3675 1456 3742 armarium

279 3805 387 3850 suum
418 3779 561 3869 recepit:
594 3774 681 3850 εἶδόν
712 3807 799 3854 τινας
830 3780 866 3848 έν
900 3783 1040 3865 πέτραις
1070 3784 1285 3869 μαρσίππσυς
1316 3779 1459 3867 ἱματίων

280 3893 566 3975 κατατιθεμένους.

390 4010 536 4080 Minime
563 4034 646 4078 vero
681 4012 882 4099 putandum
916 4021 970 4078 est
1001 4033 1138 4098 semper
1171 4032 1312 4099 parcere
1338 4012 1455 4080 verbis

279 4117 440 4202 Suidam,
474 4117 535 4185 ubi
570 4117 647 4185 sine
679 4139 804 4185 sensus
838 4118 968 4184 damno
1001 4117 1079 4185 lieri
1106 4117 1232 4205 possit:
1269 4119 1455 4188 Permultis

281 4253 496 4275 ..l—..—

393 4339 417 4418 ¹)
442 4338 544 4407 Quam
567 4338 697 4414 glossam
719 4335 893 4394 Dindorfius
916 4337 1058 4413 neglexit.
