3550 5166
775 393 997 455 ...15-

295 601 485 685 involasse;
531 623 608 668 esse
646 599 811 668 credibile
847 604 964 678 locum
1002 599 1110 668 huius
1148 599 1327 689 scriptoris
1365 601 1469 669 iuter-

296 718 437 794 ceptum
469 706 587 793 fuisse,
618 717 808 796 postquam
841 705 955 775 simile
986 705 1236 794 Xenophontis
1268 710 1469 796 exemplum

295 812 507 882 accessisset
1011 835 1014 846 ’
1444 869 1447 874 ,

402 924 469 988 III.
494 927 524 988 4.
547 926 589 989 35
619 943 644 988 s.
668 945 699 989 v.
732 923 965 1005 πεποδισμένοι
1001 919 1079 1011 (bis)
1110 922 1371 1008 Xenophontea
1407 945 1470 1010 per

294 1029 383 1096 duas
407 1029 544 1116 glossas
566 1026 714 1096 disiecta
736 1040 822 1096 sunt
844 1025 880 1096 in
900 1028 1069 1096 omnibus
1093 1027 1224 1098 Suidae
1246 1027 1352 1095 libris.

402 1137 503 1220 Quae
525 1137 663 1221 menda,
687 1158 767 1204 cum
791 1159 812 1203 a
834 1137 933 1203 nullo
956 1135 1088 1205 Suidae
1116 1135 1204 1203 libro
1227 1134 1469 1222 manuscripto

297 1239 423 1325 absint,
446 1240 518 1308 iam
541 1239 578 1309 iu
602 1241 663 1309 illo
687 1241 806 1310 codice
824 1241 1016 1330 originario
1032 1241 1192 1309 extitisse
1211 1242 1314 1309 nobis
1331 1263 1469 1309 sumen·
1492 1309 1494 1316 ,

295 1348 381 1414 dum
404 1359 468 1415 est.

403 1452 474 1521 Hic
492 1477 632 1542 quoque
655 1466 710 1522 est
732 1457 913 1542 agendum
937 1456 981 1522 de
996 1454 1166 1542 exemplis
1189 1455 1468 1542 Xenophonteis,

295 1583 386 1647 quae
408 1559 463 1628 bis
486 1563 542 1629 vel
567 1571 620 1629 ter
643 1572 851 1650 repetuntur
874 1562 968 1648 apud
991 1560 1290 1648 lexicographum
1327 1561 1469 1650 (Nostra

295 1665 390 1732 enim
427 1666 515 1734 scire
553 1667 712 1753 interest,
758 1679 877 1736 utrum
916 1669 1076 1756 exempla
1119 1667 1245 1736 iterata
1283 1691 1303 1734 e
1341 1667 1469 1755 glossis

294 1772 532 1860 superioribus
566 1776 773 1861 deprompta
807 1775 880 1842 sint
915 1797 960 1842 an
996 1797 1040 1842 ex
1074 1773 1151 1862 ipsa
1184 1773 1361 1863 Anabasi.)
1413 1779 1470 1842 lta

293 1881 535 1966 fragmentum
557 1881 867 1968 Xenophonteum,
891 1881 985 1968 quod
1008 1878 1178 1969 scriptum
1202 1881 1364 1949 videmus
1388 1904 1412 1948 s.
1436 1906 1467 1948 v.

294 1988 471 2072 ἀνέβαλλεν,
494 1985 589 2054 idem
611 1986 804 2074 reperimus
823 2010 848 2054 s,
865 2012 921 2054 vv.
940 1990 1117 2074 Τηρίβαζος
1139 1999 1175 2054 et
1196 1991 1318 2073 παρείη,
1342 1987 1469 2075 quibus

293 2092 380 2160 locis
402 2093 663 2180 Xenophontea
691 2116 764 2161 non
793 2117 869 2162 esse
897 2093 1071 2181 descripta
1099 2117 1143 2160 ex
1164 2095 1276 2162 Anab.
1301 2096 1360 2163 IV.
1385 2101 1413 2161 4.
1439 2102 1468 2161 4.

294 2199 356 2264 sed
391 2199 617 2288 esuperiore
645 2201 766 2288 glossa
795 2204 962 2288 ἀνέβαλλεν
996 2201 1079 2268 inde
1107 2199 1340 2288 cognoscitur,
1375 2200 1469 2289 quod

294 2306 360 2372 sub
384 2304 549 2374 omuibus
571 2307 628 2374 his
651 2307 797 2376 vocibus
820 2310 990 2395 leguntur
1013 2312 1032 2375 δ
1056 2310 1090 2375 δὲ
1115 2306 1294 2393 Τηρίβαζος
1317 2311 1408 2396 φίλος
1430 2309 1470 2394 ἦν

292 2419 336 2502 τῷ
363 2416 489 2499 βασιλεῖ,
517 2437 608 2502 quae
635 2416 743 2501 longe
770 2413 872 2482 aliter
901 2426 1025 2482 extant
1053 2413 1090 2482 in
1114 2413 1281 2483 Anabasi.
1329 2413 1469 2502 (Suidas

294 2519 512 2606 transposuit
534 2531 570 2589 et
593 2519 713 2589 omisit
734 2522 862 2608 verba)
918 2525 1049 2590 Utrum
1072 2532 1192 2588 autem
1216 2520 1469 2608 grammaticus
1550 2591 1553 2596 ,

293 2626 369 2713 ipse
384 2626 587 2714 repetiverit
610 2650 655 2695 an
672 2627 891 2697 transtulerit
913 2627 1144 2715 interpolator
1163 2629 1373 2716 exemplum,
1396 2651 1468 2695 non

293 2735 397 2800 valde
424 2733 578 2821 pertinet
605 2736 649 2803 ad
673 2745 830 2802 nostram
854 2757 928 2802 rem
956 2757 1022 2802 nec
1044 2733 1146 2803 facile
1169 2733 1319 2802 discerni
1343 2745 1468 2822 potest.

293 2843 547 2909 Verumtamen
571 2840 608 2908 in
634 2843 789 2928 glossam
807 2844 983 2928 Τηρίβαζος
1005 2841 1120 2908 aliena
1142 2863 1252 2908 manu
1276 2842 1470 2928 eademque

294 2946 479 3015 temeraria
502 2947 601 3015 illata
623 2970 699 3015 esse
714 2949 975 3036 Xenophontea
998 2947 1060 3016 vix
1075 2971 1206 3035 negare
1221 2947 1311 3015 licet„
1359 2952 1468 3016 Reco-

293 3052 414 3140 quitur
442 3054 536 3121 enim
564 3054 752 3144 explicatio
776 3078 916 3143 quoque
938 3054 1036 3123 vocis
1066 3056 1236 3142 ἀνέβαλλεν
1260 3095 1301 3104 -
1326 3058 1392 3122 ἀντὶ
1413 3063 1469 3124 τοῦ

294 3163 478 3247 ἀνεβίβαζεν
500 3199 553 3246 -,
585 3184 677 3248 quae
699 3184 723 3229 s.
748 3186 779 3230 V.
804 3165 973 3249 ἀνέβαλλεν
996 3161 1138 3250 quidem
1165 3163 1283 3229 locum
1306 3163 1469 3246 habebat,

294 3268 338 3333 ad
374 3269 529 3354 glossam
567 3292 650 3336 vero
692 3271 867 3355 Τηρίβαζος
903 3268 1051 3336 minime
1095 3270 1251 3357 quadrat.
1313 3269 1468 3353 Accedit,

294 3375 387 3460 quod
412 3375 485 3442 cod.
501 3377 535 3444 V
558 3374 594 3463 (s.
618 3399 650 3444 v.
670 3376 856 3463 Τηρίβαζος)
880 3376 1082 3464 exemplum
1104 3374 1142 3440 in
1164 3373 1327 3462 margine
1349 3376 1466 3442 habet

400 3485 526 3569 Neque
541 3504 625 3550 vero
640 3483 882 3569 fragmentum
899 3483 1038 3569 glossae
1053 3480 1231 3567 ἐπιτήδειος
1247 3505 1266 3548 e
1282 3505 1368 3550 voce
1390 3485 1467 3568 βλα-

293 3591 424 3665 κεύεται,
448 3590 509 3656 sed
525 3612 570 3656 ex
586 3588 663 3677 ipsa
678 3588 835 3657 Anabasi
851 3612 928 3657 esse
944 3587 1160 3676 descriptum
1175 3587 1297 3657 statim
1313 3587 1378 3656 tibi
1393 3611 1468 3676 per·

294 3695 458 3762 suadebis
493 3694 522 3763 si
550 3697 712 3785 exempla
746 3695 949 3784 inspexeris.
995 3700 1082 3762 Nam
1116 3718 1206 3784 quae
1241 3707 1325 3763 sunt
1351 3699 1468 3763 Xeno-

292 3801 437 3887 phontis
453 3807 501 3872 11.
519 3808 547 3872 3.
568 3809 603 3870 ll
631 3807 664 3870 ἐν
686 3806 745 3889 μὲν
767 3813 805 3891 τῇ
828 3808 977 3890 ἀριστερᾷ
999 3806 1079 3892 χειρὶ
1100 3806 1135 3871 τὸ
1160 3806 1237 3891 δόρυ
1261 3808 1353 3890 ἔχων,
1377 3807 1419 3870 ἐν.
1434 3805 1469 3870 δὲ

292 3917 330 3993 τῇ
347 3911 434 3994 δεξιᾷ
454 3914 640 3997 βακτηρίαν,
663 3913 717 3977 καί
731 3915 764 3978 εί
779 3938 824 3985 τις
845 3915 930 4000 αὐτῷ
951 3913 1060 3997 δοκοίη
1075 3919 1140 3978 τῶν
1153 3913 1233 3999 πρὸς
1246 3919 1341 3978 τοῦτο
1356 3936 1467 3996 τιναγ-

292 4018 399 4100 μένων
413 4019 588 4102 βλακεύειν·
611 4019 818 4102 ἐκλεγόμενος
831 4020 886 4084 τδν
901 4021 1073 4104 ἐπιτήδειον
1088 4023 1213 4085 ἔπαισεν
1228 4022 1267 4084 ἂν
1290 4016 1341 4084 ita
1356 4038 1468 4084 recur-

292 4132 378 4188 runt
401 4124 496 4209 apud
518 4123 667 4193 Suidam
691 4147 715 4191 s
739 4149 771 4192 v.
795 4128 994 4210 βλακεύεταιε

340 4261 341 4266 ’
399 4230 448 4295 Εἴ
463 4256 507 4310 τις
529 4233 618 4316 αὐτῷ
640 4233 750 4316 δοκοίη
773 4239 837 4298 τῶν
857 4233 941 4316 πρὸς
963 4241 1054 4299 τοῦτο
1076 4235 1273 4316 τεταγμένων
1294 4234 1467 4318 βλακεύειν,

292 4339 500 4426 ἐκλεγόμενος
525 4338 580 4403 τὸν
602 4340 774 4422 ἐπιτήδειον
801 4342 916 4406 ἔπαιεν
943 4343 983 4405 ἂν
1003 4347 1042 4424 τῇ
1064 4342 1221 4424 βακτηρίᾳ
1228 4365 1240 4417 ,·
