3550 5166
782 402 982 465 -9...

293 611 391 678 haud
416 621 546 679 temere
570 610 792 701 suspicamur
814 633 834 678 e
856 609 1016 679 fontibus
1039 610 1162 698 iniquo
1185 613 1258 678 fato
1278 609 1469 699 deperditis

296 716 365 784 alia
399 719 573 786 nonnulla
605 740 777 786 manasse.
825 721 881 786 lta
916 740 935 785 e
962 716 1065 784 lexici
1095 717 1260 786 Photiani
1288 717 1470 806 deperdita

293 835 393 912 parte
417 823 514 898 ,alias
548 847 688 913 quoque
723 827 860 911 glossas
887 823 1035 894 Suidam
1064 824 1101 890 in
1130 826 1336 892 thesaurum
1364 847 1469 892 suum

293 929 471 999 derivasse
492 954 556 1019 pro
580 942 674 998 certo
697 929 866 1000 affirmari
889 941 1014 1018 potest.

399 1038 438 1108 Si
473 1060 652 1106 summum
686 1036 897 1126 colligimus:
938 1060 1018 1105 cum
1052 1040 1263 1124 glossarum,
1298 1059 1389 1125 quae
1426 1062 1471 1105 cx

293 1145 371 1214 aliis
404 1143 557 1213 officinis
589 1157 829 1232 provenerunt
860 1156 966 1232 atque
1003 1167 1047 1212 ex
1077 1144 1155 1232 ipsa
1182 1144 1348 1229 Anabasi,
1382 1146 1470 1212 duas

293 1263 435 1322 tantum
464 1249 634 1338 exemplis
656 1251 851 1319 illustratas
874 1249 1217 1339 deprehenderimus,
1245 1250 1296 1319 ita
1319 1249 1471 1318 sentien-

294 1362 380 1427 dum
402 1370 457 1426 est
479 1382 499 1425 e
522 1357 619 1426 libris
635 1357 738 1426 nobis
760 1380 832 1425 non
850 1357 997 1426 servatis
1014 1359 1151 1445 glossas
1167 1356 1470 1446 explicationibus

294 1489 384 1554 quae
398 1463 601 1552 pertineant
622 1467 667 1532 ad
683 1465 874 1550 Anabasin,
897 1465 1087 1532 instructas
1108 1466 1312 1552 complures,
1334 1467 1470 1552 glossas

293 1594 377 1640 vero
393 1571 563 1659 exemplis
579 1584 721 1640 ornatas
735 1594 929 1659 perpaucas
944 1571 1098 1638 fluxisse.
1133 1573 1186 1638 Ac
1201 1611 1246 1622 -
1257 1594 1302 1639 ne
1317 1574 1471 1639 multum

293 1680 549 1768 profundamus
576 1678 613 1746 in
642 1701 679 1746 re
705 1677 894 1746 manifesta
917 1717 959 1730 -
983 1678 1043 1746 illa
1067 1689 1168 1746 tanta
1190 1681 1347 1746 locorum
1371 1678 1472 1767 copia

294 1809 338 1853 ex
353 1786 510 1854 Anabasi
533 1787 758 1854 laudatorum
781 1807 853 1852 non
876 1796 994 1871 potest
1017 1783 1086 1852 nisi
1109 1784 1160 1852 ita
1183 1784 1350 1872 explicari
1374 1784 1472 1853 adhi-

294 1890 413 1960 buisse
446 1891 595 1962 Suidam
631 1891 668 1958 in
704 1889 957 1981 componendis
989 1891 1127 1959 schedis
1160 1892 1233 1959 suis
1265 1894 1471 1959 Anabaseos

295 2001 483 2087 exemplar,
511 2000 607 2066 unde
628 1997 803 2085 petiverit,
827 2021 917 2085 quae
941 1998 986 2065 ad
1009 1997 1236 2065 illustrandas
1259 2021 1363 2066 voces
1387 2009 1471 2086 apta

297 2104 328 2171 ei
351 2104 429 2173 visa
445 2106 527 2174 sint.
575 2110 758 2172 Praeterea
774 2106 987 2172 documento
1010 2115 1065 2171 est
1087 2104 1218 2173 Suidae
1242 2105 1337 2171 cordi
1360 2105 1471 2172 fuisse

295 2212 486 2297 Anabasin,
510 2213 604 2300 quod
620 2235 644 2279 s
657 2236 691 2280 v.
706 2214 860 2297 Ξενοφῶν
882 2211 997 2278 maius
1014 2213 1076 2280 dat
1095 2222 1347 2298 argumentum
1362 2210 1470 2280 huius

295 2317 383 2404 libri,
415 2329 608 2386 ceterorum
637 2317 886 2406 Xenophontis
918 2317 1128 2406 scriptorum
1155 2319 1369 2387 sententiam
1398 2341 1470 2387 non

298 2425 459 2514 explicat.

778 2606 991 2615 ...-..--.--——

793 2798 910 2884 Caput
933 2799 970 2867 ll.

405 2949 447 3011 In
497 2941 726 3030 sequentibus
767 2953 905 3008 textum
948 2942 1249 3028 Xenophonteum
1295 2943 1408 3030 qualis
1452 2967 1474 3010 a

296 3051 407 3122 Suida
431 3049 583 3118 traditur
606 3071 688 3116 cum
711 3071 762 3133 eo,
797 3070 902 3137 quem
924 3049 1096 3135 praebent
1119 3046 1265 3134 codices,
1298 3072 1474 3138 compara-

296 3159 420 3226 bimus
468 3158 678 3246 Priusquam
705 3167 825 3224 autem
854 3157 898 3223 ad
926 3178 1001 3222 rem
1030 3167 1276 3224 convertamus
1300 3162 1474 3228 nonnulla

297 3277 382 3334 sunt
395 3265 662 3354 ¹praemittenda
686 3265 730 3330 de
753 3261 931 3332 codicibus
954 3274 991 3330 et
1009 3263 1258 3350 Xenophontis
1282 3275 1318 3332 et
1333 3264 1473 3334 Suidae.

405 3372 582 3456 Codicum,
610 3371 670 3458 qui
698 3369 948 3458 Xenophontis
970 3369 1152 3436 Anabasin
1182 3369 1374 3457 continent,
1402 3374 1474 3440 duo

297 3480 545 3548 discernuntur
572 3500 712 3566 genera,
739 3475 819 3544 libri
846 3475 1008 3544 meliores
1036 3476 1095 3564 qui
1124 3477 1290 3544 dicuntur
1317 3489 1353 3546 et
1381 3480 1474 3547 dete-

297 3589 417 3672 riores3
442 3609 530 3674 quos
553 3608 675 3652 omnes
700 3606 904 3652 enumerare
927 3584 1153 3670 supersedere
1172 3606 1368 3671 possumus,
1393 3609 1474 3653 cum

298 3696 342 3760 ad
370 3705 528 3761 nostram
556 3691 800 3780 quaestionem
828 3688 1010 3757 sufficiant
1039 3690 1183 3776 codiceS,
1211 3691 1271 3778 qui
1301 3692 1474 3779 gravioris

298 3800 371 3867 sint
393 3799 565 3888 ponderis,
614 3797 741 3866 Prioris
764 3796 919 3865 familiae
943 3795 1067 3883 optimi
1091 3809 1176 3865 sunt
1197 3797 1293 3866 libri:

459 3927 486 3994 C
520 3923 711 4015 (Parisinus
738 3927 831 4007 1640,
855 3919 1005 4008 scriptus
1029 3944 1123 3989 anno
1149 3924 1254 4012 1320),

524 4033 601 4122 Cpr.
625 4059 669 4092 z
692 4029 805 4119 prima
828 4051 955 4096 manus
978 4027 1086 4095 huius
1109 4029 1197 4114 libri,

524 4139 567 4206 Cr
625 4165 669 4199 =
691 4158 819 4203 manus
852 4135 927 4203 eius
960 4135 1171 4221 correctoris,
1204 4135 1264 4224 qui
1291 4135 1474 4206 Anabasin

694 4244 739 4311 ad
759 4264 919 4310 normam
935 4241 1144 4330 exemplaris
1161 4243 1305 4312 alterius
1320 4243 1475 4312 familiae

694 4349 850 4418 correxit
