<?xml version="1.0" encoding="UTF-8"?>
<!DOCTYPE html PUBLIC "-//W3C//DTD XHTML 1.0 Transitional//EN"
    "http://www.w3.org/TR/xhtml1/DTD/xhtml1-transitional.dtd">
<html xmlns="http://www.w3.org/1999/xhtml" xml:lang="en" lang="en">
 <head>
  <title>
</title>
<meta http-equiv="Content-Type" content="text/html;charset=utf-8" />
  <meta name='ocr-system' content='tesseract 3.04.00' />
  <meta name='ocr-capabilities' content='ocr_page ocr_carea ocr_par ocr_line ocrx_word'/>
</head>
<body>
  <div class='ocr_page' id='page_1' title='image "./dexenophontisan00kewegoog_0030.png"; bbox 0 0 3550 5166; ppageno 0'>
   <div class='ocr_carea' id='block_1_1' title="bbox 763 436 985 497">
    <p class='ocr_par' dir='ltr' id='par_1_1' title="bbox 763 436 985 497">
     <span class='ocr_line' id='line_1_1' title="bbox 763 436 985 497; baseline -0.009 -15"><span class='ocrx_word' id='word_1_1' title='bbox 763 436 985 497; x_wconf 80' lang='lat'><strong>..27-</strong></span> 
     </span>
    </p>
   </div>
   <div class='ocr_carea' id='block_1_2' title="bbox 231 642 1549 2949">
    <p class='ocr_par' dir='ltr' id='par_1_2' title="bbox 281 642 1457 931">
     <span class='ocr_line' id='line_1_2' title="bbox 281 642 1456 725; baseline 0 -15"><span class='ocrx_word' id='word_1_2' title='bbox 281 653 465 723; x_wconf 79' lang='grc' dir='ltr'><strong><em>ττοιοῦντας,·</em></strong></span> <span class='ocrx_word' id='word_1_3' title='bbox 503 645 571 711; x_wconf 74' lang='lat' dir='ltr'>det„</span> <span class='ocrx_word' id='word_1_4' title='bbox 610 655 704 712; x_wconf 89' lang='lat' dir='ltr'>recte</span> <span class='ocrx_word' id='word_1_5' title='bbox 741 646 813 717; x_wconf 84' lang='grc' dir='ltr'><strong><em>τοὺς</em></strong></span> <span class='ocrx_word' id='word_1_6' title='bbox 851 645 885 710; x_wconf 79' lang='grc' dir='ltr'>εὖ</span> <span class='ocrx_word' id='word_1_7' title='bbox 927 645 981 710; x_wconf 90' lang='grc' dir='ltr'>καί</span> <span class='ocrx_word' id='word_1_8' title='bbox 1018 642 1090 717; x_wconf 80' lang='grc' dir='ltr'>τσὺς</span> <span class='ocrx_word' id='word_1_9' title='bbox 1127 651 1237 725; x_wconf 84' lang='grc' dir='ltr'><strong><em>κακῶς</em></strong></span> <span class='ocrx_word' id='word_1_10' title='bbox 1261 652 1456 719; x_wconf 76' lang='grc' dir='ltr'>Ιποιοῦντας.</span> 
     </span>
     <span class='ocr_line' id='line_1_3' title="bbox 283 748 1457 838; baseline 0.001 -21"><span class='ocrx_word' id='word_1_11' title='bbox 283 748 402 817; x_wconf 85' lang='lat' dir='ltr'>Facile</span> <span class='ocrx_word' id='word_1_12' title='bbox 424 749 502 817; x_wconf 84' lang='lat' dir='ltr'>lieri</span> <span class='ocrx_word' id='word_1_13' title='bbox 525 749 643 838; x_wconf 88' lang='lat' dir='ltr'>potuit</span> <span class='ocrx_word' id='word_1_14' title='bbox 665 752 710 817; x_wconf 90' lang='lat' dir='ltr'>ob</span> <span class='ocrx_word' id='word_1_15' title='bbox 734 751 945 819; x_wconf 87' lang='lat' dir='ltr'>antecedens</span> <span class='ocrx_word' id='word_1_16' title='bbox 967 751 1048 826; x_wconf 67' lang='lat' dir='ltr'>robe,</span> <span class='ocrx_word' id='word_1_17' title='bbox 1071 760 1113 816; x_wconf 91' lang='lat' dir='ltr'>ut</span> <span class='ocrx_word' id='word_1_18' title='bbox 1135 748 1230 817; x_wconf 89' lang='lat' dir='ltr'>etin</span> <span class='ocrx_word' id='word_1_19' title='bbox 1253 749 1457 818; x_wconf 90' lang='lat' dir='ltr'>melioribus</span> 
     </span>
     <span class='ocr_line' id='line_1_4' title="bbox 285 855 1101 931; baseline 0.004 -9"><span class='ocrx_word' id='word_1_20' title='bbox 285 855 383 924; x_wconf 90' lang='lat' dir='ltr'>libris</span> <span class='ocrx_word' id='word_1_21' title='bbox 407 856 502 925; x_wconf 90' lang='lat' dir='ltr'>etin</span> <span class='ocrx_word' id='word_1_22' title='bbox 526 855 657 927; x_wconf 89' lang='lat' dir='ltr'>Suidae</span> <span class='ocrx_word' id='word_1_23' title='bbox 681 856 799 924; x_wconf 89' lang='lat' dir='ltr'>codice</span> <span class='ocrx_word' id='word_1_24' title='bbox 821 858 895 931; x_wconf 83' lang='grc' dir='ltr'><strong><em>τοὺς</em></strong></span> <span class='ocrx_word' id='word_1_25' title='bbox 917 855 1101 925; x_wconf 82' lang='lat' dir='ltr'>excideret</span> 
     </span>
    </p>

    <p class='ocr_par' dir='ltr' id='par_1_3' title="bbox 231 951 1549 1670">
     <span class='ocr_line' id='line_1_5' title="bbox 231 951 1455 1053; baseline 0.003 -24"><span class='ocrx_word' id='word_1_26' title='bbox 231 951 234 960; x_wconf 83' lang='grc'>’</span> <span class='ocrx_word' id='word_1_27' title='bbox 388 967 452 1031; x_wconf 89' lang='lat'>111.</span> <span class='ocrx_word' id='word_1_28' title='bbox 476 969 507 1032; x_wconf 82' lang='lat' dir='ltr'>a.</span> <span class='ocrx_word' id='word_1_29' title='bbox 531 969 574 1030; x_wconf 78' lang='lat' dir='ltr'>aa</span> <span class='ocrx_word' id='word_1_30' title='bbox 602 965 696 1048; x_wconf 76' lang='lat' dir='ltr'>mer,</span> <span class='ocrx_word' id='word_1_31' title='bbox 729 963 826 1033; x_wconf 74' lang='lat' dir='ltr'>sud.</span> <span class='ocrx_word' id='word_1_32' title='bbox 860 965 896 1051; x_wconf 84' lang='lat' dir='ltr'>(s.</span> <span class='ocrx_word' id='word_1_33' title='bbox 920 988 952 1031; x_wconf 87' lang='lat' dir='ltr'>v.</span> <span class='ocrx_word' id='word_1_34' title='bbox 982 961 1179 1051; x_wconf 66' lang='grc' dir='ltr'>ἀπαλλάξας)</span> <span class='ocrx_word' id='word_1_35' title='bbox 1208 967 1350 1053; x_wconf 67' lang='grc' dir='ltr'><em>περισσᾶς</em></span> <span class='ocrx_word' id='word_1_36' title='bbox 1386 964 1455 1034; x_wconf 80' lang='lat' dir='ltr'>det.</span> 
     </span>
     <span class='ocr_line' id='line_1_6' title="bbox 280 1065 1457 1159; baseline 0.002 -24"><span class='ocrx_word' id='word_1_37' title='bbox 280 1075 416 1155; x_wconf 81' lang='grc' dir='ltr'>περιττά.</span> <span class='ocrx_word' id='word_1_38' title='bbox 463 1065 627 1138; x_wconf 81' lang='lat' dir='ltr'>Dilucide</span> <span class='ocrx_word' id='word_1_39' title='bbox 656 1081 803 1159; x_wconf 89' lang='lat' dir='ltr'>apparet</span> <span class='ocrx_word' id='word_1_40' title='bbox 825 1069 922 1138; x_wconf 90' lang='lat' dir='ltr'>illam</span> <span class='ocrx_word' id='word_1_41' title='bbox 950 1068 1123 1137; x_wconf 89' lang='lat' dir='ltr'>rationem</span> <span class='ocrx_word' id='word_1_42' title='bbox 1146 1069 1320 1138; x_wconf 89' lang='lat' dir='ltr'>scribendi</span> <span class='ocrx_word' id='word_1_43' title='bbox 1343 1081 1457 1157; x_wconf 91' lang='lat' dir='ltr'>poste-</span> 
     </span>
     <span class='ocr_line' id='line_1_7' title="bbox 282 1174 1457 1265; baseline 0.001 -22"><span class='ocrx_word' id='word_1_44' title='bbox 282 1175 431 1243; x_wconf 88' lang='lat' dir='ltr'>rioribus</span> <span class='ocrx_word' id='word_1_45' title='bbox 455 1178 598 1243; x_wconf 90' lang='lat' dir='ltr'>demum</span> <span class='ocrx_word' id='word_1_46' title='bbox 622 1175 839 1265; x_wconf 85' lang='lat' dir='ltr'>temporibus</span> <span class='ocrx_word' id='word_1_47' title='bbox 862 1199 884 1243; x_wconf 89' lang='lat' dir='ltr'>a</span> <span class='ocrx_word' id='word_1_48' title='bbox 906 1175 1124 1243; x_wconf 86' lang='lat' dir='ltr'>librariisad</span> <span class='ocrx_word' id='word_1_49' title='bbox 1148 1174 1305 1263; x_wconf 89' lang='lat' dir='ltr'>ipsorum</span> <span class='ocrx_word' id='word_1_50' title='bbox 1330 1176 1457 1244; x_wconf 90' lang='lat' dir='ltr'>aetatis</span> 
     </span>
     <span class='ocr_line' id='line_1_8' title="bbox 280 1281 1456 1369; baseline 0.002 -21"><span class='ocrx_word' id='word_1_51' title='bbox 280 1282 454 1351; x_wconf 92' lang='lat' dir='ltr'>rationem</span> <span class='ocrx_word' id='word_1_52' title='bbox 482 1284 737 1351; x_wconf 82' lang='lat' dir='ltr'><strong>conformatam</strong></span> <span class='ocrx_word' id='word_1_53' title='bbox 765 1305 842 1351; x_wconf 87' lang='lat' dir='ltr'>csse</span> <span class='ocrx_word' id='word_1_54' title='bbox 870 1305 889 1349; x_wconf 92' lang='lat' dir='ltr'>e</span> <span class='ocrx_word' id='word_1_55' title='bbox 914 1281 1070 1369; x_wconf 88' lang='lat' dir='ltr'>genuina</span> <span class='ocrx_word' id='word_1_56' title='bbox 1098 1283 1210 1349; x_wconf 83' lang='lat' dir='ltr'>forma</span> <span class='ocrx_word' id='word_1_57' title='bbox 1232 1287 1375 1369; x_wconf 71' lang='grc' dir='ltr'><strong><em>περιττάς</em></strong></span> <span class='ocrx_word' id='word_1_58' title='bbox 1410 1305 1456 1350; x_wconf 90' lang='lat' dir='ltr'>ne</span> 
     </span>
     <span class='ocr_line' id='line_1_9' title="bbox 282 1387 1549 1478; baseline -0.001 -22"><span class='ocrx_word' id='word_1_59' title='bbox 282 1412 350 1478; x_wconf 91' lang='lat' dir='ltr'>que</span> <span class='ocrx_word' id='word_1_60' title='bbox 373 1388 468 1456; x_wconf 91' lang='lat' dir='ltr'>enim</span> <span class='ocrx_word' id='word_1_61' title='bbox 491 1388 710 1478; x_wconf 84' lang='lat' dir='ltr'>frequentius</span> <span class='ocrx_word' id='word_1_62' title='bbox 735 1387 928 1477; x_wconf 89' lang='lat' dir='ltr'>quidquam</span> <span class='ocrx_word' id='word_1_63' title='bbox 951 1387 1103 1456; x_wconf 88' lang='lat' dir='ltr'>occurrit</span> <span class='ocrx_word' id='word_1_64' title='bbox 1125 1387 1161 1455; x_wconf 90' lang='lat' dir='ltr'>in</span> <span class='ocrx_word' id='word_1_65' title='bbox 1186 1388 1342 1477; x_wconf 86' lang='lat' dir='ltr'>antiquis</span> <span class='ocrx_word' id='word_1_66' title='bbox 1365 1389 1456 1456; x_wconf 92' lang='lat' dir='ltr'>codi·</span> <span class='ocrx_word' id='word_1_67' title='bbox 1546 1464 1549 1469; x_wconf 47' lang='grc'><strong>,</strong></span> 
     </span>
     <span class='ocr_line' id='line_1_10' title="bbox 242 1494 1458 1583; baseline 0 -21"><span class='ocrx_word' id='word_1_68' title='bbox 242 1544 244 1548; x_wconf 80' lang='lat'><em>.</em></span> <span class='ocrx_word' id='word_1_69' title='bbox 284 1495 395 1580; x_wconf 88' lang='lat' dir='ltr'>cibus,</span> <span class='ocrx_word' id='word_1_70' title='bbox 428 1518 534 1583; x_wconf 90' lang='lat' dir='ltr'>quam</span> <span class='ocrx_word' id='word_1_71' title='bbox 562 1507 603 1564; x_wconf 94' lang='lat' dir='ltr'>ut</span> <span class='ocrx_word' id='word_1_72' title='bbox 634 1495 671 1563; x_wconf 91' lang='lat' dir='ltr'>in</span> <span class='ocrx_word' id='word_1_73' title='bbox 707 1494 879 1564; x_wconf 91' lang='lat' dir='ltr'>eiusmodi</span> <span class='ocrx_word' id='word_1_74' title='bbox 907 1494 1054 1563; x_wconf 90' lang='lat' dir='ltr'>vocibus</span> <span class='ocrx_word' id='word_1_75' title='bbox 1087 1494 1239 1582; x_wconf 88' lang='lat' dir='ltr'>geminis</span> <span class='ocrx_word' id='word_1_76' title='bbox 1272 1495 1398 1563; x_wconf 89' lang='lat' dir='ltr'>litteris</span> <span class='ocrx_word' id='word_1_77' title='bbox 1425 1523 1458 1562; x_wconf 84' lang='grc' dir='ltr'>ττ</span> 
     </span>
     <span class='ocr_line' id='line_1_11' title="bbox 283 1593 1253 1670; baseline -0.002 0"><span class='ocrx_word' id='word_1_78' title='bbox 283 1603 545 1670; x_wconf 81' lang='lat' dir='ltr'>substituantur</span> <span class='ocrx_word' id='word_1_79' title='bbox 567 1629 613 1670; x_wconf 88' lang='grc' dir='ltr'>σα.</span> <span class='ocrx_word' id='word_1_80' title='bbox 1252 1593 1253 1596; x_wconf 35' lang='grc'><strong>“</strong></span> 
     </span>
    </p>

    <p class='ocr_par' dir='ltr' id='par_1_4' title="bbox 281 1706 1462 2117">
     <span class='ocr_line' id='line_1_12' title="bbox 390 1706 1456 1798; baseline -0.001 -22"><span class='ocrx_word' id='word_1_81' title='bbox 390 1713 449 1779; x_wconf 88' lang='lat' dir='ltr'>IV.</span> <span class='ocrx_word' id='word_1_82' title='bbox 467 1714 539 1775; x_wconf 70' lang='lat'>25</span> <span class='ocrx_word' id='word_1_83' title='bbox 567 1711 655 1794; x_wconf 84' lang='lat' dir='ltr'>mel,</span> <span class='ocrx_word' id='word_1_84' title='bbox 690 1706 786 1778; x_wconf 84' lang='lat' dir='ltr'>Suid.</span> <span class='ocrx_word' id='word_1_85' title='bbox 821 1710 857 1796; x_wconf 85' lang='lat' dir='ltr'>(s</span> <span class='ocrx_word' id='word_1_86' title='bbox 890 1734 922 1776; x_wconf 92' lang='lat' dir='ltr'>v.</span> <span class='ocrx_word' id='word_1_87' title='bbox 956 1707 1170 1798; x_wconf 83' lang='grc' dir='ltr'><strong><em>κατακαίνων)</em></strong></span> <span class='ocrx_word' id='word_1_88' title='bbox 1203 1712 1456 1793; x_wconf 72' lang='grc' dir='ltr'><strong><em>κατακαίνοντεςς</em></strong></span> 
     </span>
     <span class='ocr_line' id='line_1_13' title="bbox 285 1814 1456 1902; baseline 0 -20"><span class='ocrx_word' id='word_1_89' title='bbox 285 1817 352 1883; x_wconf 92' lang='lat' dir='ltr'>det.</span> <span class='ocrx_word' id='word_1_90' title='bbox 386 1819 632 1900; x_wconf 59' lang='grc' dir='ltr'><strong><em>ἀποκτείναντες</em></strong></span> <span class='ocrx_word' id='word_1_91' title='bbox 670 1825 904 1902; x_wconf 89' lang='lat' dir='ltr'>reposuerunt</span> <span class='ocrx_word' id='word_1_92' title='bbox 938 1814 1049 1881; x_wconf 88' lang='lat' dir='ltr'>critici</span> <span class='ocrx_word' id='word_1_93' title='bbox 1081 1817 1318 1888; x_wconf 85' lang='grc' dir='ltr'><strong><em>κατακανόντες.</em></strong></span> <span class='ocrx_word' id='word_1_94' title='bbox 1372 1817 1456 1882; x_wconf 90' lang='lat' dir='ltr'>Non</span> 
     </span>
     <span class='ocr_line' id='line_1_14' title="bbox 281 1920 1462 2007; baseline -0.002 -19"><span class='ocrx_word' id='word_1_95' title='bbox 281 1923 473 1990; x_wconf 88' lang='lat' dir='ltr'>admodum</span> <span class='ocrx_word' id='word_1_96' title='bbox 491 1933 546 1989; x_wconf 89' lang='lat' dir='ltr'>est</span> <span class='ocrx_word' id='word_1_97' title='bbox 559 1920 761 1988; x_wconf 90' lang='lat' dir='ltr'>mirandum</span> <span class='ocrx_word' id='word_1_98' title='bbox 776 1921 864 1987; x_wconf 93' lang='lat' dir='ltr'>duos</span> <span class='ocrx_word' id='word_1_99' title='bbox 882 1931 989 1988; x_wconf 91' lang='lat' dir='ltr'>testes</span> <span class='ocrx_word' id='word_1_100' title='bbox 1006 1942 1069 2007; x_wconf 92' lang='lat' dir='ltr'>pro</span> <span class='ocrx_word' id='word_1_101' title='bbox 1085 1923 1462 1988; x_wconf 84' lang='grc' dir='ltr'><em>ΚΑΤΑΚΑΝΟΝΤΕΣ</em></span> 
     </span>
     <span class='ocr_line' id='line_1_15' title="bbox 282 2026 1267 2117; baseline 0 -23"><span class='ocrx_word' id='word_1_102' title='bbox 282 2031 448 2117; x_wconf 89' lang='lat' dir='ltr'>praebere</span> <span class='ocrx_word' id='word_1_103' title='bbox 471 2027 722 2111; x_wconf 83' lang='grc' dir='ltr'><strong><em>κατακαίνοντες,</em></strong></span> <span class='ocrx_word' id='word_1_104' title='bbox 746 2049 827 2094; x_wconf 89' lang='lat' dir='ltr'>cum</span> <span class='ocrx_word' id='word_1_105' title='bbox 850 2050 944 2094; x_wconf 86' lang='lat' dir='ltr'>error</span> <span class='ocrx_word' id='word_1_106' title='bbox 964 2026 1011 2094; x_wconf 89' lang='lat' dir='ltr'>sit</span> <span class='ocrx_word' id='word_1_107' title='bbox 1033 2026 1070 2093; x_wconf 90' lang='lat' dir='ltr'>in</span> <span class='ocrx_word' id='word_1_108' title='bbox 1094 2038 1267 2114; x_wconf 83' lang='lat' dir='ltr'>promptu</span> 
     </span>
    </p>

    <p class='ocr_par' dir='ltr' id='par_1_5' title="bbox 282 2133 1458 2434">
     <span class='ocr_line' id='line_1_16' title="bbox 389 2133 1458 2222; baseline 0.002 -22"><span class='ocrx_word' id='word_1_109' title='bbox 389 2138 449 2204; x_wconf 89' lang='lat' dir='ltr'>1v.</span> <span class='ocrx_word' id='word_1_110' title='bbox 467 2139 494 2201; x_wconf 90' lang='lat'>5.</span> <span class='ocrx_word' id='word_1_111' title='bbox 512 2139 553 2200; x_wconf 88' lang='grc'>33</span> <span class='ocrx_word' id='word_1_112' title='bbox 571 2137 611 2218; x_wconf 86' lang='lat' dir='ltr'>A,</span> <span class='ocrx_word' id='word_1_113' title='bbox 628 2134 664 2218; x_wconf 69' lang='lat' dir='ltr'>Q</span> <span class='ocrx_word' id='word_1_114' title='bbox 687 2133 784 2202; x_wconf 86' lang='lat' dir='ltr'>Suid.</span> <span class='ocrx_word' id='word_1_115' title='bbox 809 2133 845 2222; x_wconf 92' lang='lat' dir='ltr'>(s.</span> <span class='ocrx_word' id='word_1_116' title='bbox 862 2159 893 2202; x_wconf 93' lang='lat' dir='ltr'>v.</span> <span class='ocrx_word' id='word_1_117' title='bbox 910 2135 1025 2222; x_wconf 78' lang='grc' dir='ltr'><strong><em>ἐννεός)</em></strong></span> <span class='ocrx_word' id='word_1_118' title='bbox 1049 2137 1157 2220; x_wconf 81' lang='grc' dir='ltr'><em>ὥσπερ</em></span> <span class='ocrx_word' id='word_1_119' title='bbox 1173 2138 1297 2219; x_wconf 77' lang='grc' dir='ltr'><strong><em>ἓννεοῖς,</em></strong></span> <span class='ocrx_word' id='word_1_120' title='bbox 1321 2138 1349 2200; x_wconf 91' lang='grc' dir='ltr'>Β</span> <span class='ocrx_word' id='word_1_121' title='bbox 1365 2145 1458 2202; x_wconf 89' lang='lat' dir='ltr'>recte</span> 
     </span>
     <span class='ocr_line' id='line_1_17' title="bbox 282 2240 1458 2328; baseline 0.001 -21"><span class='ocrx_word' id='word_1_122' title='bbox 282 2245 389 2326; x_wconf 84' lang='grc' dir='ltr'><em>ὥσπερ</em></span> <span class='ocrx_word' id='word_1_123' title='bbox 413 2245 523 2324; x_wconf 57' lang='grc' dir='ltr'><strong><em>ἐνεοῖς</em></strong></span> <span class='ocrx_word' id='word_1_124' title='bbox 547 2242 614 2308; x_wconf 88' lang='lat' dir='ltr'>det</span> <span class='ocrx_word' id='word_1_125' title='bbox 631 2241 779 2325; x_wconf 78' lang='grc' dir='ltr'><strong><em>ὡσπερεί</em></strong></span> <span class='ocrx_word' id='word_1_126' title='bbox 801 2245 894 2326; x_wconf 85' lang='grc' dir='ltr'><strong><em>νέοις,</em></strong></span> <span class='ocrx_word' id='word_1_127' title='bbox 919 2243 962 2308; x_wconf 92' lang='lat' dir='ltr'>de</span> <span class='ocrx_word' id='word_1_128' title='bbox 982 2264 1052 2328; x_wconf 93' lang='lat' dir='ltr'>quo</span> <span class='ocrx_word' id='word_1_129' title='bbox 1068 2243 1144 2308; x_wconf 93' lang='lat' dir='ltr'>loco</span> <span class='ocrx_word' id='word_1_130' title='bbox 1164 2240 1246 2307; x_wconf 91' lang='lat' dir='ltr'>vide</span> <span class='ocrx_word' id='word_1_131' title='bbox 1261 2263 1351 2328; x_wconf 89' lang='lat' dir='ltr'>quae</span> <span class='ocrx_word' id='word_1_132' title='bbox 1366 2240 1458 2308; x_wconf 82' lang='lat' dir='ltr'>infra</span> 
     </span>
     <span class='ocr_line' id='line_1_18' title="bbox 282 2333 644 2434; baseline 0.003 -21"><span class='ocrx_word' id='word_1_133' title='bbox 282 2347 397 2414; x_wconf 88' lang='lat' dir='ltr'>dicam</span> <span class='ocrx_word' id='word_1_134' title='bbox 419 2369 478 2434; x_wconf 87' lang='lat' dir='ltr'>pg.</span> <span class='ocrx_word' id='word_1_135' title='bbox 503 2352 553 2414; x_wconf 84' lang='lat'>39.</span> <span class='ocrx_word' id='word_1_136' title='bbox 642 2333 644 2338; x_wconf 38' lang='lat'><strong>¹</strong></span> 
     </span>
    </p>

    <p class='ocr_par' dir='ltr' id='par_1_6' title="bbox 282 2453 1458 2949">
     <span class='ocr_line' id='line_1_19' title="bbox 333 2453 1457 2541; baseline 0.003 -24"><span class='ocrx_word' id='word_1_137' title='bbox 333 2511 335 2516; x_wconf 92' lang='lat'>.</span> <span class='ocrx_word' id='word_1_138' title='bbox 389 2453 489 2521; x_wconf 92' lang='lat' dir='ltr'>Nihil</span> <span class='ocrx_word' id='word_1_139' title='bbox 516 2453 627 2541; x_wconf 84' lang='lat' dir='ltr'>igitur</span> <span class='ocrx_word' id='word_1_140' title='bbox 654 2477 674 2521; x_wconf 95' lang='lat' dir='ltr'>e</span> <span class='ocrx_word' id='word_1_141' title='bbox 701 2453 921 2539; x_wconf 88' lang='lat' dir='ltr'>lectionibus,</span> <span class='ocrx_word' id='word_1_142' title='bbox 955 2477 1046 2541; x_wconf 91' lang='lat' dir='ltr'>quae</span> <span class='ocrx_word' id='word_1_143' title='bbox 1073 2454 1206 2524; x_wconf 87' lang='lat' dir='ltr'>Suidae</span> <span class='ocrx_word' id='word_1_144' title='bbox 1237 2453 1348 2522; x_wconf 89' lang='lat' dir='ltr'>codici</span> <span class='ocrx_word' id='word_1_145' title='bbox 1377 2476 1457 2520; x_wconf 91' lang='lat' dir='ltr'>curn</span> 
     </span>
     <span class='ocr_line' id='line_1_20' title="bbox 282 2560 1458 2648; baseline 0 -20"><span class='ocrx_word' id='word_1_146' title='bbox 282 2561 486 2630; x_wconf 91' lang='lat' dir='ltr'>melioribus</span> <span class='ocrx_word' id='word_1_147' title='bbox 514 2571 599 2628; x_wconf 92' lang='lat' dir='ltr'>sunt</span> <span class='ocrx_word' id='word_1_148' title='bbox 622 2583 835 2646; x_wconf 67' lang='lat' dir='ltr'>communes</span> <span class='ocrx_word' id='word_1_149' title='bbox 868 2560 1034 2648; x_wconf 86' lang='lat' dir='ltr'>colligere</span> <span class='ocrx_word' id='word_1_150' title='bbox 1065 2561 1148 2629; x_wconf 89' lang='lat' dir='ltr'>licet</span> <span class='ocrx_word' id='word_1_151' title='bbox 1170 2561 1239 2628; x_wconf 91' lang='lat' dir='ltr'>nisi</span> <span class='ocrx_word' id='word_1_152' title='bbox 1271 2560 1348 2628; x_wconf 83' lang='lat' dir='ltr'>lieri</span> <span class='ocrx_word' id='word_1_153' title='bbox 1373 2583 1458 2629; x_wconf 90' lang='lat' dir='ltr'>sane</span> 
     </span>
     <span class='ocr_line' id='line_1_21' title="bbox 282 2666 1455 2756; baseline -0.002 -20"><span class='ocrx_word' id='word_1_154' title='bbox 282 2691 394 2756; x_wconf 90' lang='lat' dir='ltr'>posse,</span> <span class='ocrx_word' id='word_1_155' title='bbox 409 2678 450 2734; x_wconf 90' lang='lat' dir='ltr'>ut</span> <span class='ocrx_word' id='word_1_156' title='bbox 464 2666 634 2742; x_wconf 88' lang='lat' dir='ltr'>memoria</span> <span class='ocrx_word' id='word_1_157' title='bbox 645 2667 818 2738; x_wconf 88' lang='lat' dir='ltr'>Suidiana</span> <span class='ocrx_word' id='word_1_158' title='bbox 833 2668 988 2754; x_wconf 87' lang='lat' dir='ltr'>pendeat</span> <span class='ocrx_word' id='word_1_159' title='bbox 1003 2669 1047 2734; x_wconf 90' lang='lat' dir='ltr'>ab</span> <span class='ocrx_word' id='word_1_160' title='bbox 1059 2668 1127 2734; x_wconf 90' lang='lat' dir='ltr'>hac</span> <span class='ocrx_word' id='word_1_161' title='bbox 1140 2666 1299 2734; x_wconf 90' lang='lat' dir='ltr'>codicum</span> <span class='ocrx_word' id='word_1_162' title='bbox 1314 2666 1455 2734; x_wconf 77' lang='lat' dir='ltr'>familia</span> 
     </span>
     <span class='ocr_line' id='line_1_22' title="bbox 284 2773 1457 2862; baseline 0.001 -22"><span class='ocrx_word' id='word_1_163' title='bbox 284 2777 341 2840; x_wconf 91' lang='lat' dir='ltr'>An</span> <span class='ocrx_word' id='word_1_164' title='bbox 358 2797 479 2841; x_wconf 89' lang='lat' dir='ltr'>revera</span> <span class='ocrx_word' id='word_1_165' title='bbox 502 2773 552 2841; x_wconf 91' lang='lat' dir='ltr'>ita</span> <span class='ocrx_word' id='word_1_166' title='bbox 568 2797 606 2841; x_wconf 91' lang='lat' dir='ltr'>se</span> <span class='ocrx_word' id='word_1_167' title='bbox 620 2775 752 2841; x_wconf 92' lang='lat' dir='ltr'>habeat</span> <span class='ocrx_word' id='word_1_168' title='bbox 774 2774 866 2841; x_wconf 83' lang='lat' dir='ltr'>infra</span> <span class='ocrx_word' id='word_1_169' title='bbox 881 2773 1049 2841; x_wconf 89' lang='lat' dir='ltr'>lectiones</span> <span class='ocrx_word' id='word_1_170' title='bbox 1066 2775 1202 2858; x_wconf 80' lang='lat' dir='ltr'>docent,</span> <span class='ocrx_word' id='word_1_171' title='bbox 1225 2796 1313 2862; x_wconf 92' lang='lat' dir='ltr'>quas</span> <span class='ocrx_word' id='word_1_172' title='bbox 1328 2773 1457 2842; x_wconf 86' lang='lat' dir='ltr'>Suidas</span> 
     </span>
     <span class='ocr_line' id='line_1_23' title="bbox 285 2879 841 2949; baseline -0.002 -1"><span class='ocrx_word' id='word_1_173' title='bbox 285 2892 321 2949; x_wconf 88' lang='lat' dir='ltr'>et</span> <span class='ocrx_word' id='word_1_174' title='bbox 343 2879 532 2949; x_wconf 88' lang='lat' dir='ltr'>deteriores</span> <span class='ocrx_word' id='word_1_175' title='bbox 555 2879 635 2947; x_wconf 91' lang='lat' dir='ltr'>libri</span> <span class='ocrx_word' id='word_1_176' title='bbox 659 2891 841 2948; x_wconf 89' lang='lat' dir='ltr'>testantur.</span> 
     </span>
    </p>
   </div>
   <div class='ocr_carea' id='block_1_3' title="bbox 765 3079 978 3088">
    <p class='ocr_par' dir='ltr' id='par_1_7' title="bbox 765 3079 978 3088">
     <span class='ocr_line' id='line_1_24' title="bbox 765 3079 978 3088; baseline 0 0"><span class='ocrx_word' id='word_1_177' title='bbox 765 3079 978 3088; x_wconf 54' lang='lat' dir='ltr'>m</span> 
     </span>
    </p>
   </div>
   <div class='ocr_carea' id='block_1_4' title="bbox 783 3237 964 3334">
    <p class='ocr_par' dir='ltr' id='par_1_8' title="bbox 783 3237 964 3334">
     <span class='ocr_line' id='line_1_25' title="bbox 783 3237 964 3334; baseline -0.006 -28"><span class='ocrx_word' id='word_1_178' title='bbox 783 3237 964 3334; x_wconf 13' lang='lat' dir='ltr'>eaput-v.</span> 
     </span>
    </p>
   </div>
   <div class='ocr_carea' id='block_1_5' title="bbox 308 3357 1456 4000">
    <p class='ocr_par' dir='ltr' id='par_1_9' title="bbox 308 3357 1456 4000">
     <span class='ocr_line' id='line_1_26' title="bbox 391 3357 1228 3464; baseline -0.004 -18"><span class='ocrx_word' id='word_1_179' title='bbox 391 3379 480 3446; x_wconf 84' lang='lat' dir='ltr'>Cum</span> <span class='ocrx_word' id='word_1_180' title='bbox 504 3377 623 3446; x_wconf 89' lang='lat' dir='ltr'>codice</span> <span class='ocrx_word' id='word_1_181' title='bbox 647 3379 675 3446; x_wconf 89' lang='lat' dir='ltr'>C</span> <span class='ocrx_word' id='word_1_182' title='bbox 698 3377 876 3464; x_wconf 87' lang='lat' dir='ltr'>conspirat</span> <span class='ocrx_word' id='word_1_183' title='bbox 898 3377 1027 3459; x_wconf 85' lang='lat' dir='ltr'>Suidas</span> <span class='ocrx_word' id='word_1_184' title='bbox 1050 3357 1107 3444; x_wconf 82' lang='lat' dir='ltr'>his</span> <span class='ocrx_word' id='word_1_185' title='bbox 1129 3375 1228 3444; x_wconf 91' lang='lat' dir='ltr'>locis:</span> 
     </span>
     <span class='ocr_line' id='line_1_27' title="bbox 321 3484 1456 3574; baseline 0 -22"><span class='ocrx_word' id='word_1_186' title='bbox 321 3490 346 3552; x_wconf 92' lang='grc' dir='ltr'>Ι.</span> <span class='ocrx_word' id='word_1_187' title='bbox 373 3490 400 3552; x_wconf 92' lang='grc'>8.</span> <span class='ocrx_word' id='word_1_188' title='bbox 426 3491 445 3552; x_wconf 91' lang='grc'><strong>9</strong></span> <span class='ocrx_word' id='word_1_189' title='bbox 492 3485 520 3552; x_wconf 87' lang='lat' dir='ltr'>C</span> <span class='ocrx_word' id='word_1_190' title='bbox 541 3508 600 3572; x_wconf 79' lang='lat' dir='ltr'>pn,</span> <span class='ocrx_word' id='word_1_191' title='bbox 623 3484 720 3555; x_wconf 88' lang='lat' dir='ltr'>Suid.</span> <span class='ocrx_word' id='word_1_192' title='bbox 744 3487 781 3572; x_wconf 90' lang='lat' dir='ltr'>(s.</span> <span class='ocrx_word' id='word_1_193' title='bbox 798 3508 831 3551; x_wconf 88' lang='lat' dir='ltr'>v.</span> <span class='ocrx_word' id='word_1_194' title='bbox 848 3485 983 3574; x_wconf 83' lang='grc' dir='ltr'><strong><em>γέρῥοιν)</em></strong></span> <span class='ocrx_word' id='word_1_195' title='bbox 999 3506 1065 3551; x_wconf 89' lang='lat' dir='ltr'>orn.</span> <span class='ocrx_word' id='word_1_196' title='bbox 1083 3487 1160 3552; x_wconf 85' lang='grc' dir='ltr'><strong><em>εῖναι</em></strong></span> <span class='ocrx_word' id='word_1_197' title='bbox 1179 3493 1261 3572; x_wconf 91' lang='lat' dir='ltr'>post</span> <span class='ocrx_word' id='word_1_198' title='bbox 1276 3487 1416 3574; x_wconf 77' lang='grc' dir='ltr'><strong><em>ἐλέγοντο</em></strong></span> <span class='ocrx_word' id='word_1_199' title='bbox 1426 3484 1456 3573; x_wconf 88' lang='grc'>1).</span> 
     </span>
     <span class='ocr_line' id='line_1_28' title="bbox 321 3591 1456 3682; baseline -0.002 -24"><span class='ocrx_word' id='word_1_200' title='bbox 321 3597 346 3660; x_wconf 86' lang='grc' dir='ltr'>Ι.</span> <span class='ocrx_word' id='word_1_201' title='bbox 373 3598 402 3660; x_wconf 93' lang='grc'>8.</span> <span class='ocrx_word' id='word_1_202' title='bbox 432 3596 470 3657; x_wconf 90' lang='grc'>10</span> <span class='ocrx_word' id='word_1_203' title='bbox 495 3592 522 3659; x_wconf 84' lang='lat' dir='ltr'>C</span> <span class='ocrx_word' id='word_1_204' title='bbox 545 3596 591 3675; x_wconf 90' lang='grc' dir='ltr'>Β.,</span> <span class='ocrx_word' id='word_1_205' title='bbox 623 3591 720 3660; x_wconf 86' lang='lat' dir='ltr'>Suid.</span> <span class='ocrx_word' id='word_1_206' title='bbox 745 3591 782 3678; x_wconf 84' lang='lat' dir='ltr'>(S.</span> <span class='ocrx_word' id='word_1_207' title='bbox 795 3615 825 3658; x_wconf 87' lang='lat' dir='ltr'>v.</span> <span class='ocrx_word' id='word_1_208' title='bbox 844 3593 1097 3682; x_wconf 82' lang='grc' dir='ltr'><strong><em>δρεπανηφόρος)</em></strong></span> <span class='ocrx_word' id='word_1_209' title='bbox 1120 3592 1157 3656; x_wconf 84' lang='grc' dir='ltr'>τὰ</span> <span class='ocrx_word' id='word_1_210' title='bbox 1175 3593 1229 3676; x_wconf 75' lang='grc' dir='ltr'>ὄή;</span> <span class='ocrx_word' id='word_1_211' title='bbox 1254 3602 1316 3658; x_wconf 88' lang='lat' dir='ltr'>cet.</span> <span class='ocrx_word' id='word_1_212' title='bbox 1333 3612 1392 3657; x_wconf 91' lang='lat' dir='ltr'>om</span> <span class='ocrx_word' id='word_1_213' title='bbox 1408 3593 1456 3676; x_wconf 79' lang='grc' dir='ltr'>δή.</span> 
     </span>
     <span class='ocr_line' id='line_1_29' title="bbox 321 3681 1360 3787; baseline 0 -25"><span class='ocrx_word' id='word_1_214' title='bbox 321 3702 346 3764; x_wconf 94' lang='grc' dir='ltr'>Ι.</span> <span class='ocrx_word' id='word_1_215' title='bbox 372 3704 399 3765; x_wconf 86' lang='grc'>9.</span> <span class='ocrx_word' id='word_1_216' title='bbox 425 3703 444 3764; x_wconf 91' lang='grc'><strong>6</strong></span> <span class='ocrx_word' id='word_1_217' title='bbox 491 3698 592 3784; x_wconf 75' lang='lat' dir='ltr'>Cpr,</span> <span class='ocrx_word' id='word_1_218' title='bbox 615 3697 712 3766; x_wconf 86' lang='lat' dir='ltr'>Suid.</span> <span class='ocrx_word' id='word_1_219' title='bbox 737 3697 772 3787; x_wconf 86' lang='lat' dir='ltr'>(s.</span> <span class='ocrx_word' id='word_1_220' title='bbox 789 3698 825 3766; x_wconf 89' lang='lat' dir='ltr'>h.</span> <span class='ocrx_word' id='word_1_221' title='bbox 841 3696 885 3785; x_wconf 80' lang='lat' dir='ltr'>v.)</span> <span class='ocrx_word' id='word_1_222' title='bbox 907 3681 1076 3781; x_wconf 79' lang='grc' dir='ltr'><strong><em>κατέκανε;</em></strong></span> <span class='ocrx_word' id='word_1_223' title='bbox 1101 3707 1164 3765; x_wconf 88' lang='lat' dir='ltr'>cet.</span> <span class='ocrx_word' id='word_1_224' title='bbox 1187 3701 1360 3764; x_wconf 82' lang='grc' dir='ltr'><strong><em>κατέκτανε.</em></strong></span> 
     </span>
     <span class='ocr_line' id='line_1_30' title="bbox 308 3803 1456 3894; baseline 0.001 -26"><span class='ocrx_word' id='word_1_225' title='bbox 308 3808 352 3870; x_wconf 88' lang='lat' dir='ltr'>II.</span> <span class='ocrx_word' id='word_1_226' title='bbox 378 3810 406 3872; x_wconf 91' lang='lat'>3.</span> <span class='ocrx_word' id='word_1_227' title='bbox 434 3810 472 3871; x_wconf 93' lang='lat'>18</span> <span class='ocrx_word' id='word_1_228' title='bbox 498 3804 599 3891; x_wconf 78' lang='lat' dir='ltr'>Cpr,</span> <span class='ocrx_word' id='word_1_229' title='bbox 622 3803 719 3872; x_wconf 86' lang='lat' dir='ltr'>Suid.</span> <span class='ocrx_word' id='word_1_230' title='bbox 744 3804 780 3894; x_wconf 85' lang='lat' dir='ltr'>(s.</span> <span class='ocrx_word' id='word_1_231' title='bbox 798 3828 830 3870; x_wconf 90' lang='lat' dir='ltr'>v.</span> <span class='ocrx_word' id='word_1_232' title='bbox 851 3805 986 3891; x_wconf 81' lang='grc' dir='ltr'><strong><em>εὕρημα)</em></strong></span> <span class='ocrx_word' id='word_1_233' title='bbox 1016 3808 1058 3894; x_wconf 79' lang='grc' dir='ltr'>εἰς</span> <span class='ocrx_word' id='word_1_234' title='bbox 1086 3805 1186 3870; x_wconf 76' lang='grc' dir='ltr'><em>πολλὰ</em></span> <span class='ocrx_word' id='word_1_235' title='bbox 1215 3806 1268 3870; x_wconf 84' lang='grc' dir='ltr'>καὶ</span> <span class='ocrx_word' id='word_1_236' title='bbox 1294 3805 1456 3888; x_wconf 59' lang='grc' dir='ltr'><strong><em>ἀμήχανα</em></strong></span> 
     </span>
     <span class='ocr_line' id='line_1_31' title="bbox 622 3910 1279 4000; baseline -0.003 -24"><span class='ocrx_word' id='word_1_237' title='bbox 622 3921 684 3977; x_wconf 88' lang='lat' dir='ltr'>cet.</span> <span class='ocrx_word' id='word_1_238' title='bbox 709 3910 756 3984; x_wconf 82' lang='grc' dir='ltr'>είς</span> <span class='ocrx_word' id='word_1_239' title='bbox 777 3912 877 3976; x_wconf 79' lang='grc' dir='ltr'><em>πολλὰ</em></span> <span class='ocrx_word' id='word_1_240' title='bbox 900 3914 986 3976; x_wconf 89' lang='grc' dir='ltr'><strong><em>κακά</em></strong></span> <span class='ocrx_word' id='word_1_241' title='bbox 998 3911 1023 4000; x_wconf 86' lang='lat'>²)</span> <span class='ocrx_word' id='word_1_242' title='bbox 1045 3914 1099 3978; x_wconf 86' lang='grc' dir='ltr'>καὶ</span> <span class='ocrx_word' id='word_1_243' title='bbox 1122 3913 1279 3995; x_wconf 86' lang='grc' dir='ltr'>ἀμήχανα.</span> 
     </span>
    </p>
   </div>
   <div class='ocr_carea' id='block_1_6' title="bbox 284 4107 1458 4437">
    <p class='ocr_par' dir='ltr' id='par_1_10' title="bbox 284 4107 1458 4260">
     <span class='ocr_line' id='line_1_32' title="bbox 398 4107 1458 4193; baseline 0 -24"><span class='ocrx_word' id='word_1_244' title='bbox 398 4107 422 4193; x_wconf 80' lang='lat'>¹)</span> <span class='ocrx_word' id='word_1_245' title='bbox 445 4111 523 4170; x_wconf 90' lang='lat' dir='ltr'>Illud</span> <span class='ocrx_word' id='word_1_246' title='bbox 547 4111 624 4174; x_wconf 85' lang='grc' dir='ltr'><strong><em>εἶναι</em></strong></span> <span class='ocrx_word' id='word_1_247' title='bbox 647 4113 769 4170; x_wconf 87' lang='lat' dir='ltr'>seclusit</span> <span class='ocrx_word' id='word_1_248' title='bbox 791 4112 1003 4182; x_wconf 83' lang='lat' dir='ltr'>Rehdantzius‚</span> <span class='ocrx_word' id='word_1_249' title='bbox 1027 4113 1193 4171; x_wconf 85' lang='lat' dir='ltr'>omiserunt</span> <span class='ocrx_word' id='word_1_250' title='bbox 1207 4111 1402 4170; x_wconf 84' lang='lat' dir='ltr'>Schenkelius</span> <span class='ocrx_word' id='word_1_251' title='bbox 1427 4118 1458 4169; x_wconf 88' lang='lat' dir='ltr'>et</span> 
     </span>
     <span class='ocr_line' id='line_1_33' title="bbox 284 4201 930 4260; baseline -0.003 -2"><span class='ocrx_word' id='word_1_252' title='bbox 284 4201 542 4260; x_wconf 83' lang='lat' dir='ltr'>Breitenbachius.</span> <span class='ocrx_word' id='word_1_253' title='bbox 929 4207 930 4212; x_wconf 77' lang='grc'>’</span> 
     </span>
    </p>

    <p class='ocr_par' dir='ltr' id='par_1_11' title="bbox 287 4284 1458 4437">
     <span class='ocr_line' id='line_1_34' title="bbox 394 4284 1458 4371; baseline -0.003 -21"><span class='ocrx_word' id='word_1_254' title='bbox 394 4284 420 4371; x_wconf 88' lang='lat'>²)</span> <span class='ocrx_word' id='word_1_255' title='bbox 444 4285 528 4350; x_wconf 87' lang='grc' dir='ltr'><strong><em>κακὰ</em></strong></span> <span class='ocrx_word' id='word_1_256' title='bbox 551 4290 734 4348; x_wconf 82' lang='lat' dir='ltr'>incluserunt</span> <span class='ocrx_word' id='word_1_257' title='bbox 752 4290 814 4347; x_wconf 88' lang='lat' dir='ltr'>iam</span> <span class='ocrx_word' id='word_1_258' title='bbox 829 4290 1030 4348; x_wconf 90' lang='lat' dir='ltr'>Schneiderus</span> <span class='ocrx_word' id='word_1_259' title='bbox 1046 4297 1078 4348; x_wconf 90' lang='lat' dir='ltr'>et</span> <span class='ocrx_word' id='word_1_260' title='bbox 1092 4289 1280 4366; x_wconf 86' lang='lat' dir='ltr'>Kruegerus‚</span> <span class='ocrx_word' id='word_1_261' title='bbox 1303 4290 1458 4348; x_wconf 86' lang='lat' dir='ltr'>eiecerunt</span> 
     </span>
     <span class='ocr_line' id='line_1_35' title="bbox 287 4379 609 4437; baseline -0.006 0"><span class='ocrx_word' id='word_1_262' title='bbox 287 4397 393 4437; x_wconf 86' lang='lat' dir='ltr'>omnes</span> <span class='ocrx_word' id='word_1_263' title='bbox 415 4379 609 4437; x_wconf 87' lang='lat' dir='ltr'>recentiores.</span> 
     </span>
    </p>
   </div>
   <div class='ocr_carea' id='block_1_7' title="bbox 0 0 1789 5166">
    <p class='ocr_par' dir='ltr' id='par_1_12' title="bbox 0 0 1789 5166">
     <span class='ocr_line' id='line_1_36' title="bbox 0 0 1789 5166; baseline 0 0"><span class='ocrx_word' id='word_1_264' title='bbox 0 0 1789 5166; x_wconf 95' lang='lat' dir='ltr'> </span> 
     </span>
    </p>
   </div>
  </div>
 </body>
</html>
