3550 5166
765 429 985 491 „17-

284 634 500 704 mutationes
525 638 686 705 consulto
709 639 820 705 factas
845 637 999 726 (namin
1022 635 1187 704 omnibus
1209 659 1275 706 nec
1290 636 1378 705 libet
1392 659 1459 705 nec

285 754 391 810 vacat
412 742 603 832 immorari)
626 742 765 811 facilius
788 765 1050 836 cognoscemus

391 851 509 938 Atque
536 849 691 937 primum
719 849 861 938 quidem
890 850 1027 936 SuidaS,
1058 852 1152 938 quod
1180 872 1252 917 non
1280 848 1457 936 miramur,

285 956 500 1024 sententiam
534 978 553 1023 e
588 967 758 1024 contextu
792 958 946 1024 solutam
980 957 1161 1044 supplevit
1198 956 1457 1041 additamentis,

285 1086 375 1151 qnae
409 1062 599 1132 continuae
626 1061 795 1131 orationis
829 1061 950 1132 lectori
986 1087 1030 1130 ex
1058 1062 1351 1131 antecedentibus
1379 1064 1458 1132 sub-

286 1169 463 1238 audienda
486 1180 578 1237 sunt

392 1279 448 1343 Ita
471 1274 611 1363 scripsit
631 1299 694 1365 pro
721 1275 994 1366 Xenophonteis
1021 1280 1046 1344 1.
1064 1281 1092 1343 2.
1111 1280 1150 1343 21
1176 1267 1202 1362 ἧ
1221 1279 1256 1345 δὲ
1275 1278 1399 1363 εἰσβολὴ
1418 1277 1460 1361 ἦν

286 1385 362 1456 ὁδὸς
389 1384 540 1468 ἁμαξιτὸς
562 1410 593 1453 κ.
617 1410 641 1448 τ.
664 1386 690 1448 λ.
714 1383 811 1453 Suid.
841 1383 879 1470 (S.
901 1407 933 1450 v.
958 1382 1124 1472 ἁμαξιτός)
1152 1387 1171 1468 ἡ
1197 1385 1231 1449 δὲ
1254 1385 1381 1468 εἰσβολὴ
1404 1391 1460 1468 τῆς

286 1491 428 1563 Κιλικίας
454 1491 494 1574 ᾖν
522 1492 570 1557 dd.
592 1515 621 1556 κ.
643 1492 716 1556 αλ
774 1493 854 1556 Hoc
887 1499 942 1576 τῆς
974 1492 1117 1563 Κιλικίας
1148 1487 1297 1557 inseruit
1328 1511 1372 1555 ex
1406 1487 1458 1574 iis,

286 1618 376 1684 quae
399 1597 615 1663 antecedunt
637 1594 674 1662 in
699 1606 800 1662 textu
822 1595 1080 1685 Xenophontis.

392 1701 563 1773 Eiusdem
596 1704 668 1770 iere
703 1701 916 1770 conditionis
949 1713 1004 1770 est
1030 1707 1076 1770 11.
1102 1708 1130 1770 3.
1161 1707 1200 1768 15
1226 1726 1257 1770 v.
1286 1706 1369 1780 ὅξος,
1396 1701 1458 1771 ubi

285 1807 413 1878 Suidas
437 1810 545 1876 verba
568 1812 643 1884 ὄξος
666 1811 784 1895 ἑψητὸν
806 1811 871 1875 ἀπὸ
893 1817 958 1876 τῶν
981 1813 1086 1877 αὐτῶν
1113 1808 1164 1877 ita
1191 1808 1228 1877 in
1254 1810 1459 1877 thesaurum

285 1914 424 2003 recepit,
447 1926 490 1982 ut
511 1937 574 2002 pro
597 1923 666 1982 τῶν
688 1919 797 1982 αὐτῶν
818 1926 967 2002 poneret
988 1923 1056 1982 τῶν
1072 1919 1243 2006 φοινίκων,
1268 1918 1362 2004 quod
1385 1938 1457 1984 non

284 2021 404 2109 inepte
427 2032 491 2089 aut
513 2019 686 2089 inutiliter
713 2023 847 2089 factum
869 2032 1051 2108 putamus;
1086 2044 1170 2088 nam
1198 2022 1314 2089 verbis
1341 2026 1459 2090 Xeno-

285 2126 451 2218 phonteis
495 2140 593 2196 extra
637 2128 940 2197 continuationem
984 2128 1155 2196 sermonis
1196 2128 1322 2217 positis
1360 2131 1459 2198 nulla

286 2234 422 2303 scilicet
444 2233 498 2303 vis
522 2233 767 2324 explicationis
791 2234 891 2304 inest

393 2342 555 2413 Eandem
583 2343 628 2410 ob
657 2363 801 2410 causam
824 2345 883 2411 IV.
908 2347 936 2409 5.
962 2347 1004 2410 27
1027 2365 1053 2410 s.
1075 2366 1105 2410 v.
1128 2347 1224 2428 μυζεῖ
1245 2366 1309 2432 pro
1335 2364 1460 2430 prono

284 2446 380 2517 mine
402 2451 534 2529 τούτους
557 2447 696 2536 scripsit
718 2451 794 2523 τοὺς
816 2451 983 2535 καλάμους
1005 2461 1042 2516 et
1069 2471 1154 2517 sane
1177 2471 1267 2537 quae
1290 2450 1460 2536 leguntur

286 2559 348 2625 IV.
369 2561 394 2623 1.
411 2560 453 2622 24
473 2557 567 2636 αὐτὸς
584 2554 674 2642 δ’ἔφη
689 2579 715 2625 ε.
733 2581 764 2624 v.
781 2557 917 2642 δυνατὴν
931 2554 1086 2624 mutavit
1099 2555 1138 2623 in
1155 2558 1309 2642 Ξενοφῶν
1324 2561 1395 2643 ἔφη,
1418 2567 1460 2623 ut

285 2673 390 2750 rupto
407 2660 579 2729 sermonis
595 2660 657 2729 iilo
672 2663 839 2731 lectorem
854 2661 957 2729 lexici
970 2663 1014 2729 de
1030 2685 1099 2750 quo
1113 2673 1278 2749 ageretur
1289 2664 1458 2730 edoceret

393 2769 498 2854 Quod
531 2766 664 2837 Suidae
698 2769 857 2836 studium
894 2767 1003 2836 etiam
1040 2767 1160 2836 omnia
1197 2767 1258 2835 illa
1296 2770 1457 2856 exempla

286 2885 471 2960 testantur,
483 2874 521 2941 in
533 2873 662 2963 quibus
672 2877 1018 2963 suppletecontextu
1027 2898 1157 2943 nomen
1167 2897 1347 2964 personae,
1359 2876 1460 2943 velut

387 2985 412 3051 Ι.
430 2988 458 3050 7.
476 2986 495 3048 8
513 3005 537 3049 s
554 3006 586 3050 v.
607 2984 779 3062 ελσπιιτλὰς
801 3004 865 3070 pro
885 2985 904 3048 ὁ
926 2985 960 3048 δὲ
980 2984 1207 3068 ἐμπιπλὰς...
1230 2982 1459 3051 exhibetque

285 3092 396 3175 Κῦρος
418 3095 575 3160 elom...

237 3179 242 3192 ¹
394 3204 419 3268 1.
442 3206 470 3269 9.
493 3206 535 3268 28
558 3223 583 3267 s
605 3224 637 3269 v.
666 3201 909 3283 σπουδαιολογῶ
939 3197 1100 3284 exemplo
1128 3197 1173 3262 de
1201 3218 1266 3263 suo
1293 3194 1460 3283 praefixit

287 3311 306 3375 ὁ
330 3310 364 3376 δὲ
386 3308 504 3396 Κῦρος.

394 3418 556 3502 Itemque
572 3417 598 3482 1.
615 3418 644 3480 9.
664 3417 703 3479 16
716 3434 779 3501 pro
794 3408 1064 3499 Xenophonteis
1081 3409 1162 3495 περὶ
1177 3411 1305 3490 παντὸς
1320 3412 1458 3478 ἐποιεῖτο

286 3548 314 3589 κ.
333 3548 362 3589 τ.
382 3523 411 3591 λ.
440 3519 600 3589 exaravit
626 3518 726 3589 Suid.
756 3518 792 3607 (s,
813 3541 845 3586 v.
873 3516 955 3606 περὶ
983 3515 1122 3604 παντός)
1151 3519 1169 3582 ὁ
1194 3517 1228 3582 ὅὲ
1249 3516 1361 3601 Κῦρος
1389 3517 1460 3604 περὶ

286 3629 412 3701 παντὸς
434 3653 462 3695 κ.
477 3654 501 3693 τ.
517 3630 543 3693 λ.
1455 3659 1456 3662 =

393 3737 519 3822 Neque
545 3755 629 3801 vero
657 3741 880 3800 constantem
908 3728 1017 3797 fuisse
1039 3728 1076 3795 in
1100 3729 1169 3796 hoc
1191 3727 1310 3795 studio
1332 3725 1459 3795 lexico-

288 3841 464 3929 graphum
488 3838 644 3908 ostendit
680 3829 685 3836 ’

394 3950 439 4014 11.
461 3952 489 4015 3.
515 3952 553 4014 15
574 3970 605 4015 ν.
628 3948 792 4013 ἀπόλεκτοι
801 3944 832 4034 ¹),
861 3943 922 4012 ubi
950 3940 1079 4013 Suidas
1107 3944 1152 4010 ad
1183 3944 1328 4010 verbum
1356 3942 1460 4010 affert

287 4050 332 4121 At
362 4055 396 4119 δὲ
424 4051 471 4127 εἰς
496 4055 569 4127 τοὺς
596 4055 754 4132 δεσπότας
788 4050 850 4139 (sic
877 4072 991 4118 errore
1019 4049 1188 4137 scriptum
1215 4061 1270 4117 est
1301 4071 1365 4138 pro
1392 4053 1461 4124 τοῖς
1499 4114 1502 4119 ,

398 4290 422 4366 ¹)
457 4288 550 4358 Quod
583 4292 755 4366 exemplum
789 4291 903 4346 nnllam
937 4305 1011 4363 prae
1046 4305 1079 4345 se
1114 4287 1171 4346 sert
1204 4287 1341 4364 speciem
1368 4287 1459 4346 inter·

287 4379 458 4457 polationis,
482 4386 515 4437 ut
536 4380 599 4436 vult
620 4377 838 4454 Bernhardyus.
