3550 5166
732 443 955 504 ..47-

255 661 388 739 typum.
440 652 520 736 Quo
555 662 712 739 tempore
746 649 896 738 scriptus
931 648 979 718 sit
1005 649 1094 718 liber
1128 649 1187 717 ille
1219 648 1431 738 originarius

256 781 276 826 e
313 757 426 828 Suida
471 757 637 845 cognosci
678 755 815 844 nequit,
860 759 922 824 sed
961 755 1147 824 edocemur
1192 754 1432 844 singularibus

256 863 479 952 grammatici
495 863 705 933 lectionibus
722 903 765 916 -
777 861 950 952 plurimae
966 874 1060 932 certe
1074 861 1277 952 deperditae
1292 874 1377 930 sunt
1389 901 1431 912 -

256 970 420 1056 codicem,
436 993 541 1058 quem
553 969 590 1037 in
603 992 708 1037 usum
720 968 941 1054 converterit,
955 991 1151 1058 permagno
1162 967 1233 1036 iam
1243 968 1431 1036 intervallo

256 1079 300 1146 ab
316 1079 507 1165 archetypo
523 1077 654 1146 distare
676 1079 878 1164 multosque
901 1075 1008 1154 libros
1031 1076 1124 1145 inter
1147 1086 1337 1163 utrumque
1355 1097 1432 1143 esse

201 1273 203 1278 ,
255 1184 489 1271 interpositos.

362 1289 423 1356 Sin
462 1289 703 1378 lexicographi
742 1288 831 1358 liber
869 1290 1013 1358 tertium
1050 1289 1153 1357 nobis
1191 1299 1434 1376 repraesentat

256 1399 399 1481 iontem,
432 1397 613 1485 archetypi
644 1395 858 1485 proprietate
879 1397 1120 1484 ,explicandus
1148 1407 1204 1464 est
1230 1417 1431 1480 consensus,

256 1503 315 1592 qui
351 1505 627 1591 deprehenditur
664 1503 757 1571 inter
791 1503 939 1573 Suidam
978 1516 1015 1572 et
1047 1503 1209 1572 meliores
1244 1513 1307 1570 aut
1340 1501 1433 1570 inter

256 1604 404 1679 Suidam
428 1622 465 1679 et
487 1610 676 1679 deteriores
700 1610 950 1698 Xenophontis
973 1611 1089 1695 libros,
1117 1612 1213 1678 unde
1235 1608 1432 1682 necessario

256 1717 415 1804 sequitur
459 1739 581 1784 omnes
627 1717 705 1785 illas
744 1717 926 1801 lectiones,
972 1739 1062 1804 quae
1100 1739 1313 1784 communes
1360 1715 1433 1783 sint
1488 1790 1492 1800 Ι

254 1823 459 1892 melioribus
488 1837 551 1894 aut
578 1824 809 1893 deterioribus
838 1846 919 1890 cum
941 1823 1071 1891 Suidae
1099 1824 1299 1912 exemplari,
1325 1825 1432 1892 modo

255 1954 301 1998 ne
325 1931 421 1998 casui
450 1932 659 2000 tribuendus
687 1931 734 1998 sit
760 1930 819 1998 hic
847 1951 1049 2014 consensus,
1080 1929 1152 1998 iam
1179 1929 1217 1998 in
1241 1932 1432 2018 archetypo

256 2037 383 2105 autin
413 2049 514 2106 textu
549 2049 612 2105 aut
645 2060 708 2124 pro
735 2037 843 2105 variis
877 2035 1088 2105 lectionibus
1123 2035 1291 2120 extitisse,
1326 2059 1438 2124 quam„

256 2147 301 2210 ob
357 2167 431 2210 rem
486 2143 618 2231 dignae
672 2143 758 2228 sint,
813 2165 900 2231 quas
928 2142 1144 2211 'accuratius
1194 2142 1431 2232 inspiciamus.

256 2254 382 2337 Neque
411 2261 529 2318 tamen
563 2249 725 2337 intellegi
753 2252 835 2318 volo
869 2249 1068 2336 scripturas,
1104 2272 1194 2336 quae
1227 2249 1264 2315 iu
1294 2250 1432 2316 duobus

257 2356 364 2424 trium
391 2356 532 2424 illorum
564 2355 717 2425 fontium
740 2357 843 2424 nobis
871 2355 1013 2425 obviam
1042 2357 1142 2441 fiant,
1171 2355 1243 2448 iam
1271 2357 1316 2424 ob
1339 2357 1432 2423 hanc

257 2485 399 2530 causam
427 2486 491 2551 pro
514 2463 607 2531 veris
634 2464 817 2532 habendas
844 2486 931 2532 esse.
978 2462 1122 2534 Etenim
1150 2462 1301 2551 exempli
1326 2484 1433 2531 causa

255 2569 333 2637 fieri
349 2570 475 2659 potuit,
499 2582 540 2638 ut
554 2570 741 2638 meliorum
764 2581 887 2638 auctor
900 2569 1104 2657 genuinam
1128 2570 1311 2657 archetypi
1327 2569 1432 2656 scrip

257 2689 372 2745 turam
395 2690 489 2746 recte
513 2679 673 2761 traderet,
706 2688 828 2744 contra
852 2674 1064 2745 deteriorum
1089 2687 1125 2744 et
1147 2677 1279 2747 Suidae
1301 2675 1432 2744 codicis

256 2782 388 2851 librarii
405 2783 500 2850 illius
523 2783 590 2851 loci
607 2782 884 2851 conformatione
907 2782 1043 2850 seducti
1059 2782 1096 2850 in
1113 2785 1265 2851 eundem
1281 2805 1432 2851 errorem

256 2890 469 2958 laberentur:
494 2901 531 2958 at
547 2900 693 2977 apparet
715 2891 865 2956 duorum
889 2888 1034 2958 testium
1049 2891 1228 2975 lectiones,
1250 2889 1431 2978 inquibus

256 2995 346 3064 nihil
363 2995 417 3082 sit,
434 2998 527 3085 quod
547 2996 623 3064 iure
638 2997 945 3086 reprehendamus,
968 2997 1007 3064 in
1024 3008 1124 3066 textu
1148 2999 1330 3088 ponendas
1347 3019 1431 3065 esse.

257 3107 382 3192 Itaque
416 3103 600 3172 meliorum
638 3102 808 3172 librorum
842 3104 1011 3173 lectiones
1046 3104 1244 3192 singulares
1279 3127 1351 3172 non
1386 3105 1431 3171 ob

257 3210 398 3279 unicam
444 3233 586 3280 causam
630 3209 836 3300 retinendae
875 3223 972 3295 sunt,
1019 3212 1113 3298 qnod
1158 3209 1265 3278 huius
1311 3208 1432 3278 classis

258 3317 468 3386 auctoritate
491 3318 687 3404 firmantur,
712 3318 773 3385 sed
790 3339 912 3385 omnes
928 3341 1016 3405 quas
1031 3317 1160 3387 Suidas
1184 3328 1220 3385 et
1242 3316 1431 3384 deteriores

257 3434 435 3492 testantur
471 3423 640 3492 lectiones
684 3447 747 3512 pro
786 3423 953 3510 genuinis
999 3434 1083 3491 sunt
1119 3422 1316 3507 habendae,
1361 3423 1431 3491 nisi

257 3542 376 3618 aperte
413 3532 583 3598 mendum
628 3531 870 3620 suppeditant:
916 3530 995 3598 illas
1032 3529 1186 3597 maxime
1224 3551 1314 3618 quae
1352 3553 1431 3598 con·

258 3648 412 3725 temptae
439 3637 556 3705 iacent
583 3637 772 3724 scripturas
801 3636 1015 3705 deteriorum
1042 3636 1220 3724 intellego,
1253 3658 1343 3724 quae
1370 3660 1432 3724 per

258 3764 295 3810 se
317 3743 503 3810 meliorum
525 3743 737 3811 lectionibus
759 3743 906 3811 minime
929 3755 1014 3811 sunt
1035 3745 1302 3831 postponendae
1325 3754 1431 3834 atque

258 3870 407 3936 quarum
434 3850 605 3938 plurimae
638 3852 682 3918 ab
711 3873 782 3918 uno
811 3853 868 3920 vel
897 3852 1006 3918 altero
1039 3849 1172 3918 editore
1199 3852 1430 3940 Xenophonti

257 3954 328 4023 iam
361 3957 520 4026 redditae
558 3970 649 4026 sunt.
707 3957 857 4045 Excipio
896 3980 981 4026 sane
1014 3955 1195 4041 lectiones,
1234 3980 1321 4046 quas
1354 3982 1430 4027 esse

257 4064 363 4131 falsas
387 4086 494 4151 supra
517 4065 656 4152 agnovi.

364 4171 460 4254 Quid
488 4192 591 4257 porro
622 4172 800 4238 lucramur
827 4192 872 4237 ex
898 4173 966 4239 hoc
994 4171 1098 4239 tertio
1129 4173 1229 4240 fonte
1256 4173 1301 4240 ad
1329 4172 1431 4240 aesti-

256 4279 406 4345 mandas
429 4277 508 4344 illas
523 4277 772 4364 Xenophontis
793 4277 953 4346 codicum
968 4277 1139 4346 familias?
1184 4276 1431 4367 Quadraginta

257 4395 393 4472 septem
432 4382 517 4451 locis
551 4383 680 4453 Suidas
718 4383 803 4453 facit
841 4407 922 4452 cum
960 4385 1162 4453 melioribus
1200 4384 1311 4470 libris,
1350 4409 1431 4454 cum
