3550 5166
738 417 960 479 -43-

261 621 321 710 qui
344 623 605 714 descripserunt
621 625 835 709 thesaurum,
859 623 1074 694 vindicanda
1089 625 1143 694 sit
1189 625 1439 714 Xenophontis

260 729 356 797 enim
383 733 489 799 verba
512 735 557 799 II.
582 738 610 799 3.
635 736 677 798 23
705 735 829 817 βασιλεῖ
852 735 1107 818 ἀντιποιούμεθα
1134 741 1189 819 τῆς
1216 736 1316 822 ἀρχῆς
1344 734 1438 819 apud

259 835 408 905 Suidam
430 838 558 906 mutila
580 839 763 924 leguntur:
788 841 1038 924 ἀντονοιούμενοι
1059 848 1114 925 τῆς
1129 843 1230 926 ἀρχῆς
1243 845 1292 925 τῴ
1307 841 1436 926 βασιλεῖ,

261 943 400 1031 quaein
412 944 544 1013 Suidae
560 943 750 1032 exemplari
766 945 983 1014 hauddubie
998 944 1049 1013 ita
1060 968 1132 1012 non
1145 945 1274 1033 scripta
1285 947 1438 1030 fuerunt,

261 1048 393 1118 etenim
410 1049 446 1118 in
464 1050 634 1119 continua
646 1050 896 1139 Xenophontis
909 1051 1068 1120 oratione
1080 1050 1177 1119 omni
1189 1075 1296 1120 sensu
1310 1063 1437 1119 carent

368 1161 459 1226 Item
494 1156 704 1245 excerpendi
738 1156 966 1226 festinatione
993 1159 1175 1225 turbatum
1203 1181 1281 1226 esse
1313 1157 1440 1248 opinor

261 1267 463 1354 exemplum
486 1264 584 1332 vocis
607 1268 844 1350 καθηκούσαις,
868 1263 929 1331 ubi
952 1287 1016 1352 pro
1039 1256 1089 1332 ἐπ’
1113 1268 1208 1332 αὐτὸν
1226 1267 1281 1332 τὸν
1295 1268 1440 1352 ποταμόν

260 1370 510 1460 Xenophontis
534 1375 594 1440 IV.
618 1377 647 1438 3.
674 1376 710 1436 ll
738 1370 902 1440 scribitur
925 1374 970 1438 ἐπ’
996 1374 1092 1438 αὐτὸν
1112 1374 1167 1454 τὸν
1188 1375 1304 1441 τόπον.

367 1477 679 1566 Transpositiones
718 1489 838 1547 autem
876 1479 1078 1563 verborum,
1112 1501 1202 1566 quae
1235 1478 1273 1546 in
1307 1477 1439 1547 Suidae

260 1583 372 1653 lexico
389 1586 710 1674 deprehenduntur,
727 1583 784 1652 cui
800 1584 1031 1674 imputandae
1046 1585 1119 1654 sint
1133 1585 1171 1652 in
1184 1585 1318 1653 incerto
1334 1584 1437 1653 relin-

261 1714 339 1779 quo.
386 1691 465 1760 Nisi
493 1694 583 1760 forte
613 1692 774 1759 consulto
803 1691 1033 1761 translocavit
1055 1693 1162 1759 verba
1186 1691 1438 1779 grammaticus

149 1819 150 1824 ¹
260 1799 363 1867 facile
395 1799 554 1867 socordia
584 1810 647 1867 aut
677 1800 789 1889 ipsius
823 1809 887 1866 aut
914 1797 1134 1866 librariorum
1162 1798 1238 1866 eius
1265 1801 1373 1867 verba
1400 1799 1437 1866 in

263 1906 369 1974 aliam
392 1908 512 1974 sedem
535 1907 686 1994 irrepere
708 1917 911 1994 potuerunt.

369 2012 507 2084 Erroris
536 2016 675 2102 culpam
703 2013 835 2082 librarii
863 2011 1038 2080 sustinere
1065 2011 1232 2079 videntur
1259 2011 1316 2078 his
1338 2013 1437 2080 locis:

369 2123 394 2187 Ι.
419 2125 447 2188 5.
476 2125 515 2186 10
538 2124 629 2190 Xen.
655 2123 823 2212 διφθέρας,
846 2125 885 2193 ἃς
907 2123 991 2205 εἶχον
1014 2120 1210 2204 στεγάσματα
1233 2122 1439 2204 ἐπίμπλασαν

261 2256 289 2294 κ.
310 2255 332 2293 τ.
354 2230 396 2306 λ.,·
423 2226 520 2294 Suid.
550 2231 637 2312 (εον.
665 2225 790 2316 κάρφη)
818 2249 884 2294 om.
913 2231 952 2301 ἅς
979 2227 1035 2314 (cl.
1052 2225 1159 2294 etiam
1181 2249 1213 2313 p.
1230 2228 1295 2310 41).
1342 2229 1439 2299 Luce

262 2344 316 2401 est
349 2332 476 2400 clarius
503 2334 666 2401 voculam
696 2338 734 2409 ἅς
760 2355 832 2400 non
861 2332 979 2423 ipsum
1006 2332 1162 2417 Suidam,
1190 2334 1252 2400 sed
1279 2331 1439 2400 librarios

262 2438 430 2523 omisisse,
459 2440 520 2528 qui
549 2439 684 2508 litteras
707 2440 823 2528 magis
846 2462 953 2528 quam
981 2462 1125 2508 sensum
1149 2451 1349 2527 spectantes
1377 2439 1438 2506 illo

263 2573 301 2621 ας
328 2545 382 2614 bis
409 2545 526 2634 posito
555 2549 878 2635 (ΔΙΦΘΕΡΑΣΑΣ)
909 2545 1188 2634 decipiebantur:
1217 2569 1289 2614 non
1318 2559 1437 2615 tamen

261 2652 393 2720 librarii
417 2653 546 2721 codicis
574 2676 618 2721 ex
642 2676 712 2742 quo
739 2665 903 2740 excerpta
930 2652 1058 2743 petivit
1081 2651 1209 2721 Suidas
1238 2653 1338 2742 (nam
1361 2663 1438 2720 tum

262 2759 337 2847 ipse
361 2759 614 2848 grammaticus
642 2761 879 2850 supplevisset
905 2762 1069 2828 voculam
1097 2763 1143 2844 ἃς,
1171 2759 1248 2827 sine
1270 2782 1341 2847 qua
1364 2782 1435 2826 non

262 2867 349 2934 dant
372 2889 516 2934 sensum
532 2868 813 2955 Xenophontea),
837 2869 898 2934 sed
922 2866 982 2954 qui
1006 2865 1268 2955 descripserunt
1290 2865 1437 2934 lexicon.

370 2976 394 3042 1.
422 2979 448 3042 1.
473 2980 492 3042 9
521 2979 611 3042 Xen.
646 2977 726 3042 ὥστε
757 2977 812 3041 καλ
844 2978 992 3061 χρήματα
1020 2965 1241 3060 συνεβάλλοντο
1274 2976 1362 3059 αὐτῷ
1395 2977 1439 3047 εἰς

263 3082 320 3166 τὴν
346 3083 473 3167 τροφὴν
498 3109 527 3148 κ.
543 3109 566 3148 τ.
583 3085 622 3166 λς
657 3079 755 3150 Suid.
783 3091 820 3164 (S,
843 3105 875 3148 v.
900 3078 1144 3168 συνεβάλλοντο)
1179 3103 1245 3148 om
1280 3084 1436 3166 χρήματα.

262 3191 345 3253 Non
373 3187 460 3256 satis
488 3189 611 3274 elucet,
643 3185 731 3254 num
759 3192 908 3274 χρήματα
935 3188 1096 3255 consulto
1125 3185 1282 3255 omiserit
1309 3185 1438 3255 Suidas

262 3317 308 3361 an
333 3293 553 3362 librariorum
582 3295 813 3382 neglegentia
840 3318 911 3362 vox
938 3293 1114 3361 exciderit
1161 3293 1337 3380 Equidem
1365 3315 1436 3360 non

263 3401 504 3468 contenderim
526 3401 645 3489 ipsum
659 3400 961 3491 lexicographum,
984 3399 1045 3489 qui
1061 3400 1169 3468 etiam
1186 3398 1438 3467 additamentis

262 3510 463 3596 fragmenta
485 3508 670 3596 perspicua
693 3510 807 3575 lacere
829 3508 1005 3590 studebat,
1028 3508 1175 3574 verbum
1198 3505 1295 3574 haud
1311 3505 1438 3574 inutile

262 3616 307 3681 ad
331 3597 544 3703 sententiam
568 3614 841 3700 intellegendam
864 3613 1037 3682 industrie
1060 3613 1345 3700 praetermisisse.
1389 3615 1439 3680 At

262 3722 409 3790 fortasse
436 3726 583 3808 χρήματα
611 3720 647 3787 in
677 3719 867 3809 exemplari
901 3743 965 3788 suo
993 3720 1139 3788 omnino
1167 3743 1238 3787 non
1267 3719 1438 3807 scriptum

262 3826 362 3897 vidit.

370 3938 413 4001 In
460 3936 538 4003 aliis
584 3933 711 4001 deinde
755 3933 842 4002 locis
887 3933 925 4000 in
971 3934 1079 4003 dubio
1123 3934 1329 4021 ponendum
1374 3943 1437 4017 est,

262 4042 471 4108 mendorum
498 4063 690 4129 arguamus
718 4039 886 4126 librarios,
921 4039 982 4128 qui
1010 4039 1271 4128 descripserunt
1299 4037 1435 4107 codices

263 4149 309 4216 ad
342 4171 430 4236 quos
468 4148 622 4235 pertinet
655 4146 786 4217 Suidae
825 4150 1016 4236 exemplar,
1055 4169 1100 4214 an
1135 4144 1237 4214 lexici
1272 4145 1436 4216 Suidiani

262 4253 457 4343 scriptores,
481 4257 580 4323 velut
648 4316 651 4322 ,

370 4367 410 4433 V.
441 4367 468 4430 2.
501 4366 540 4428 12
569 4366 657 4430 Xen.
686 4365 759 4436 τοὺς
792 4371 952 4448 γυμνῆτας
985 4364 1085 4428 λίθων
1118 4365 1200 4447 ἔχειν
1232 4361 1351 4445 μεστὰς
1382 4361 1439 4441 τὰς
