3550 5166
756 413 957 472 ..7-

272 620 512 708 Reperiuntur
526 619 563 688 in
581 619 698 689 Photii
715 621 881 689 thesauro
898 622 1037 707 glossae
1052 617 1244 688 Suidianae
1260 618 1441 687 Anabasin

271 738 471 816 spectantes
494 750 585 816 quae
608 737 819 815 sequuntur:

380 839 440 905 IV.
459 840 487 903 7.
509 841 557 903 16.
575 858 599 902 s.
617 860 649 903 v.
667 837 785 922 ξυήλην
805 845 841 902 et
857 839 916 904 IV.
934 840 962 902 8.
979 840 1008 902 2.
1025 857 1050 903 s
1067 859 1100 903 v.
1117 836 1301 919 ὑπερδέξιον
1316 832 1445 903 Suidas

271 954 308 1011 et
336 941 484 1010 Photius
518 941 612 1010 idem
645 941 874 1030 suppeditant
907 944 1108 1028 exemplum
1134 940 1443 1028 Xenophonteum.

377 1052 437 1118 VI.
466 1053 491 1116 1.
516 1053 544 1116 7.
569 1071 593 1116 s,
617 1073 649 1118 v.
673 1052 824 1134 καρπαία
851 1047 977 1116 Suidas
1013 1049 1161 1115 eandem
1195 1047 1305 1114 habet
1335 1045 1444 1134 expli-

271 1154 447 1223 cationem
469 1155 577 1222 huius
599 1155 697 1222 vocis
720 1165 827 1242 atque
851 1145 1012 1223 Photius:
1041 1157 1123 1228 εῖόος
1146 1157 1317 1240 ὀρχήσεως,
1342 1157 1444 1227 οὕτως

272 1265 427 1348 Ξενοφῶν
450 1265 483 1328 ἐν
505 1268 543 1353 τῇ
562 1265 735 1348 Ἀναβάσει
757 1265 813 1328 κ’λ.
1190 1343 1193 1350 ¹

378 1367 548 1438 Eiusdem
565 1367 706 1456 generis
726 1380 781 1436 est
800 1372 879 1438 VII.
897 1373 925 1437 3.
943 1372 993 1435 32.
1010 1393 1042 1435 v.
1059 1369 1312 1452 κατασκεόάζειν,
1337 1388 1442 1455 quam

270 1499 394 1546 vocem
417 1475 542 1543 iisdem
565 1475 681 1543 verbis
705 1476 907 1564 expediunt

378 1586 440 1650 III.
463 1588 491 1650 5.
517 1587 564 1649 14.
586 1605 610 1650 S.
626 1607 668 1674 ¹v.
694 1585 828 1672 ἤλεγχον
858 1580 1006 1649 Photius
1035 1583 1108 1649 dat:
1144 1585 1395 1667 ἒφανεροποίουν
1422 1586 1442 1665 ἢ

270 1693 447 1775 ἀπέκρινον,
482 1693 530 1763 ὡς
558 1691 719 1775 Ξενοφῶν,
755 1710 845 1776 quae
876 1691 922 1755 ad
956 1690 1105 1756 verbum
1139 1688 1269 1757 Suidas
1304 1708 1443 1774 quoque

269 1798 391 1875 habet;
416 1795 544 1864 deinde
567 1807 687 1864 autem
710 1794 839 1862 adiecit
861 1795 990 1864 Suidas
1010 1797 1213 1882 exemplum
1228 1795 1443 1880 Xenophon-

269 1914 367 1970 teum
405 1905 500 1990 apud
536 1901 703 1969 Photium
740 1924 812 1968 non
848 1912 981 1969 extans.
1043 1901 1081 1970 Si
1122 1900 1288 1968 Photium
1326 1899 1444 1988 ipsum

270 2008 456 2096 exscripsit
482 2008 763 2096 lexicographus,
792 2010 993 2095 exemplum
1022 2007 1109 2074 illud
1133 2029 1214 2073 eum
1238 2006 1443 2094 apposuisse

270 2139 289 2182 e
314 2114 432 2182 codice
461 2136 525 2182 suo
549 2115 811 2203 Xenophonteo
839 2114 942 2182 nobis
970 2125 1025 2182 est
1052 2111 1308 2199 accipiendum,
1340 2112 1394 2179 sin
1423 2135 1443 2180 e

269 2221 354 2289 rivis
405 2243 486 2288 cum
538 2221 664 2288 Photio
715 2220 960 2289 communibus
1011 2221 1148 2307 glossas
1200 2216 1321 2286 hausit
1370 2241 1441 2286 non

268 2330 476 2417 repugnabo
499 2327 717 2396 existimanti
742 2326 908 2395 Photium
932 2327 1092 2395 omisisse
1115 2327 1325 2415 exemplum,
1349 2328 1442 2413 quod

268 2434 305 2502 in
345 2434 523 2502 communi
561 2436 660 2502 fonte
698 2433 867 2518 extiterit,
912 2433 1060 2502 Suidam
1105 2445 1225 2500 autem
1262 2432 1442 2521 recepisse.

174 2574 177 2580 ·
269 2543 495 2628 Quamquam
519 2563 591 2608 non
614 2539 734 2606 minus
757 2539 898 2608 videtur
920 2539 1108 2629 probabile,
1131 2540 1168 2606 in
1190 2538 1250 2606 illo
1265 2538 1354 2606 libro
1370 2561 1442 2606 non

269 2657 412 2715 exarata
439 2646 548 2714 fuisse
575 2647 844 2734 Xenophonteo,
877 2648 938 2714 sed
965 2646 1114 2715 Suidam
1141 2644 1319 2713 addidisse
1346 2648 1443 2713 hunc

268 2757 385 2821 locum
420 2777 464 2821 ex
498 2753 575 2841 ipsa
602 2753 759 2820 Anabasi
795 2753 847 2841 (ut
882 2755 971 2820 solet
1006 2751 1134 2839 glossis
1165 2774 1209 2819 ex
1238 2751 1315 2831 aliis
1343 2751 1442 2818 libris

267 2859 416 2949 receptis
445 2859 521 2949 ipse
544 2883 564 2926 e
586 2859 737 2928 lectione
765 2862 1020 2948 permultorum
1048 2859 1217 2927 librorum
1241 2860 1442 2945 exemplum

268 2966 478 3056 attribuere).

375 3077 475 3142 Idem
508 3073 738 3142 iudicandum
773 3084 827 3140 est
855 3077 914 3142 1V.
936 3078 964 3140 3.
990 3077 1037 3140 11.
1067 3075 1110 3140 de
1137 3095 1225 3142 voce
1251 3076 1442 3158 octovianae,
1464 3119 1466 3124 ,

268 3180 329 3248 ubi
353 3180 481 3250 Suidas
505 3178 787 3268 interpretationi
812 3176 918 3247 liuius
943 3182 1084 3267 glossae
1107 3201 1188 3246 cum
1213 3179 1339 3247 Photio
1363 3201 1443 3246 con-

268 3286 412 3376 gruenti
436 3299 473 3354 et
495 3288 647 3373 Etymol.
673 3287 793 3376 Gud.¹)
822 3287 971 3375 apponit
997 3288 1199 3373 exemplum
1227 3287 1442 3373 Xenophon-

267 3406 374 3480 teum,
398 3395 442 3461 de
465 3416 535 3481 quo
558 3393 648 3461 nihil
671 3391 726 3461 es't
748 3393 784 3460 in
809 3393 865 3462 his
888 3393 995 3462 libris.

374 3503 540 3570 Glossam
554 3504 764 3587 καρδιώπειν
775 3501 1011 3590 pertinentem
1025 3501 1069 3568 ad
1078 3504 1167 3567 Xen.
1177 3499 1289 3566 Anab.
1306 3502 1367 3568 IV.
1379 3504 1408 3567 5.
1421 3503 1440 3564 8

267 3630 491 3677 communem
511 3608 646 3676 habent
660 3619 697 3675 et
711 3606 840 3676 Suidas
856 3618 892 3675 et
908 3607 1055 3675 Photius
1077 3617 1112 3675 et
1129 3609 1254 3674 Pollux
1270 3606 1327 3696 (11.
1344 3610 1372 3673 2.
1390 3605 1441 3695 17)

267 3726 304 3782 et
331 3714 575 3802 Hesychius²)‚
609 3737 725 3802 neque
757 3726 875 3783 tamen
911 3717 1113 3803 exemplum
1140 3715 1441 3800 Xenophonteum

266 3936 377 3994 Suidae
400 3939 498 3996 lexica
520 3938 699 4007 intercedat,
722 3935 792 3994 diss.
808 3937 879 3999 Hal.
899 3936 992 4003 1886.
1016 3944 1047 3994 et
1062 3935 1257 4004 G.Wentze1,
1283 3934 1441 4010 „Beitrige

266 4042 318 4083 zur
346 4024 532 4085 Geschichte
567 4029 622 4084 der
657 4026 865 4102 griechischen
897 4025 1177 4102 Lexikographen“‚
1213 4024 1377 4098 Sitzuugsb.
1392 4055 1394 4060 ·
1412 4024 1441 4081 d.

264 4116 381 4174 Preurs.
415 4115 510 4173 Akad.
543 4114 637 4184 1895,
658 4135 689 4190 p.
707 4113 771 4174 477
788 4133 832 4191 sq.

377 4199 400 4282 ¹)
424 4202 524 4281 Elym.
549 4201 631 4265 Gud.
655 4218 710 4281 pro
734 4201 898 4266 σακέλλιον
921 4204 1012 4265 habel
1033 4200 1212 4284 βαλάντιον.

374 4291 515 4370 ²)Quae
554 4291 613 4354 sub
653 4293 683 4354 h.
717 4293 758 4370 gl.
791 4293 873 4370 apud
906 4292 1095 4370 Hesychium
1132 4294 1243 4366 extant,
1280 4307 1340 4352 non
1379 4295 1439 4353 tam

265 4382 357 4461 longa
383 4384 464 4445 sunl.
