3550 5166
774 451 998 512 „11-

203 698 206 704 -
290 659 381 726 libro
404 661 436 725 A
463 661 545 746 plus
572 658 737 748 ponderis
766 656 890 726 tribuit
912 679 1019 746 quam
1042 678 1173 741 omneS,
1196 654 1256 744 qui
1280 667 1364 725 ante
1387 679 1468 724 eum

286 778 540 835 recensuerant
564 764 755 834 Anabasin.
803 766 838 834 C.
858 763 1032 833 Matthiae
1040 765 1062 853 ¹)
1085 786 1169 833 vero
1192 762 1293 832 alteri
1313 763 1469 833 familiae

290 872 418 941 habuit
440 871 557 958 fidem,
580 871 641 940 ubi
665 894 746 939 cum
762 873 946 959 Stephano
969 869 1146 939 consentit
1167 881 1204 938 et
1218 871 1363 958 praebet
1378 892 1469 958 quae

288 977 488 1047 tolerabilia
511 978 684 1047 videntur.
732 981 877 1046 Novum
901 976 1054 1066 denique
1076 976 1161 1045 artis
1186 975 1326 1045 criticae
1345 978 1470 1045 lunda·

289 1097 453 1154 mentum
485 1085 616 1152 struxit
643 1083 850 1153 Dindorlius
883 1084 920 1153 in
954 1086 1063 1154 altera
1090 1083 1245 1153 editione
1273 1082 1469 1154 Oxoniensi
1552 1079 1556 1086 “

290 1214 386 1260 anno
425 1196 509 1259 1855
548 1189 820 1260 accuratissimis
858 1190 1027 1260 librorum
1062 1191 1098 1276 C,
1134 1195 1170 1275 B,
1205 1194 1238 1257 D
1277 1189 1470 1258 collationi-

291 1299 358 1366 bus
393 1297 570 1366 adhibitis.
631 1303 738 1366 Nunc
768 1338 811 1349 -
844 1321 890 1366 ne
920 1297 1052 1366 nimius
1084 1296 1152 1365 sim
1178 1337 1221 1348 -
1248 1308 1323 1365 arte
1349 1297 1470 1366 critica

289 1405 342 1472 ita
366 1415 517 1472 utuntur
539 1404 698 1490 editores,
722 1416 763 1473 ut
785 1404 919 1493 primae
941 1404 1063 1472 manui
1087 1403 1262 1473 codicisC
1283 1403 1469 1472 meliorum

293 1510 396 1578 unice
419 1513 490 1579 fere
513 1512 670 1580 habeant
692 1510 800 1579 fidem
825 1510 1019 1600 ceterisque
1039 1510 1147 1596 libris,
1175 1509 1388 1599 ubicumque
1409 1511 1469 1578 ille

290 1616 421 1701 deficit,
445 1629 625 1707 tamquam
642 1617 783 1686 auxiliis
799 1629 954 1703 utantur,
977 1617 1046 1685 nisi
1062 1620 1152 1685 forte
1168 1615 1322 1706 excipias
1338 1619 1470 1687 Schen-

291 1723 466 1813 kelium²)‚
491 1724 550 1812 qui
575 1747 788 1812 quamquam
811 1724 967 1792 maxima
990 1723 1037 1792 sit
1057 1722 1205 1792 Parisini
1227 1724 1469 1809 Cauctoritas,

291 1852 407 1919 neque
436 1842 566 1899 temere
594 1830 678 1898 huic
701 1831 790 1898 libro
813 1830 923 1897 Iidem
947 1853 1023 1898 esse
1045 1831 1245 1899 habendam
1269 1843 1389 1899 censet
1410 1853 1470 1898 ne-

293 1959 362 2025 que
393 1938 538 2006 alterius
571 1937 711 2025 generis
745 1936 894 2021 codices,
925 1947 1050 2024 utpote
1081 1936 1141 2024 qui
1172 1936 1353 2005 nonnullis
1383 1936 1469 2005 locis

291 2043 467 2131 genuinas
505 2045 698 2133 praebeant
737 2042 927 2132 scripturas
964 2042 1001 2110 in
1036 2042 1239 2110 melioribus
1279 2055 1468 2132 corruptas,

292 2172 434 2238 prorsus
458 2173 534 2218 esse
557 2152 807 2238 neglegendos.

400 2383 471 2451 Sed
507 2392 726 2450 transeamus
754 2385 799 2450 ad
822 2381 954 2452 Suidae
980 2381 1127 2467 lexicon,
1160 2383 1204 2449 de
1231 2380 1331 2449 cuius
1354 2393 1470 2450 aetate

292 2490 396 2558 valde
433 2487 623 2577 ambigunt
656 2487 861 2574 sententiae,
896 2510 977 2556 cum
1015 2490 1060 2556 ab
1096 2488 1173 2577 ipso
1210 2487 1469 2577 lexicographo,

293 2618 362 2682 quo
391 2607 547 2684 tempore
577 2594 822 2683 conscripserit
850 2596 1064 2680 thesaurum,
1091 2595 1180 2662 nihil
1205 2594 1468 2683 comperiamus.

293 2705 462 2790 Longum
493 2714 548 2771 est
581 2724 702 2770 omnes
736 2701 932 2770 sententias
965 2701 1203 2792 discrepantes
1234 2703 1349 2769 affere.
1404 2704 1470 2769 Ac-

291 2808 515 2896 quiescamus
543 2807 662 2897 potius
696 2809 733 2875 in
765 2831 816 2892 eo,
848 2810 942 2896 quod
974 2818 1175 2878 statuerunt
1197 2806 1264 2875 viri
1288 2807 1395 2893 docti,
1429 2821 1470 2877 ut

292 2916 439 2982 afferam
456 2916 722 3001 Bernhardyum
730 2917 769 3002 ³),
793 2914 941 2984 Suidam
957 2913 1094 2983 lexicon
1111 2936 1216 2981 suum
1231 2915 1469 3002 composuisse

290 3021 409 3089 medio
437 3023 509 3088 fere
537 3024 677 3089 saeculo
705 3020 850 3089 decimo.
898 3024 1023 3110 Longe
1049 3019 1161 3108 igitur
1183 3032 1326 3110 superat
1353 3032 1469 3089 aetate

291 3129 404 3196 codex
431 3128 499 3213 ille,
528 3150 633 3216 quem
660 3127 697 3195 in
731 3150 839 3195 usum
866 3127 1008 3196 vocavit
1038 3126 1323 3216 lexicographus,
1352 3139 1469 3196 vetus-

292 3233 450 3303 tissimos
473 3233 580 3303 libros
603 3235 890 3323 Xenophonteos

400 3359 507 3444 Libri,
531 3359 659 3448 quibus
674 3358 829 3427 maxime
849 3359 976 3427 nititur
993 3359 1163 3427 memoria
1177 3357 1280 3426 lexici
1296 3357 1468 3441 Suidiani,

292 3478 393 3534 sunt:

453 3574 486 3639 A
510 3573 702 3660 (Parisinus
728 3576 824 3656 2625,
848 3572 908 3660 qui
933 3574 1112 3640 saeculum
1134 3575 1227 3640 XIII
1251 3570 1418 3660 attingit),

454 3685 487 3750 V
510 3680 718 3770 (Vossianus
748 3676 941 3763 Leidensis,
969 3678 1029 3767 qui
1057 3681 1196 3747 saeculo
1219 3682 1291 3747 XII
1317 3679 1469 3767 scriptus

512 3809 589 3855 esse
611 3787 742 3876 fertur),

455 3896 482 3964 C
512 3891 739 3983 (Oxoniensis
763 3893 893 3961 saeculi
915 3895 1005 3977 XV).

294 4077 508 4088 ———.-.

406 4195 437 4304 1)'
453 4221 530 4280 aaa.
556 4221 636 4283 1851
664 4231 696 4280 et
723 4221 815 4284 1859.

403 4307 431 4478 ἓξ
453 4310 510 4369 aa.
536 4309 630 4372 1869.
689 4355 695 4370 ,

453 4401 487 4458 In
511 4407 674 4459 comment.
698 4399 737 4458 de
761 4399 871 4459 Suidae
894 4401 991 4461 lexico
1016 4401 1090 4479 Cap.
1112 4402 1136 4460 1.
1159 4401 1188 4464 2.
