3550 5166
819 451 1040 513 ..42-

339 660 449 744 Κῦρος
482 660 527 726 de
561 681 625 725 suo
657 657 822 745 praefixit
854 660 1016 747 exemplo
1044 669 1081 726 et
1107 681 1170 746 pro
1197 663 1328 740 τούτους
1355 670 1517 728 accurate

339 763 479 854 scripsit
505 767 579 846 τοὺς
608 769 749 840 δικαίους
776 807 819 815 -
846 768 1017 840 πλουσίους
1040 788 1179 854 quoque
1201 765 1315 834 obiter
1336 767 1517 855 scripsisse

340 870 612 959 grammaticum
634 895 699 962 pro
721 876 980 962 πλουσιαηέρους
1002 871 1193 940 verisimile
1215 872 1363 942 videtur.

446 978 547 1047 Aliae
570 1002 653 1047 vero
676 977 854 1063 lectiones
878 1001 965 1066 quas
989 977 1188 1067 singulares
1211 981 1355 1067 praebet
1377 980 1515 1066 SuidaS,

338 1084 527 1154 manifesto
551 1108 665 1154 errore
680 1087 737 1154 vel
753 1084 890 1153 incuria
905 1096 1002 1153 ortae
1019 1096 1112 1162 sunt,
1128 1109 1198 1174 quo
1214 1085 1250 1153 in
1268 1109 1397 1174 genere
1413 1098 1516 1155 caute

339 1192 518 1278 agendum
545 1203 607 1277 est
642 1215 688 1260 ne
721 1215 785 1280 pro
812 1191 963 1259 librariis
999 1191 1215 1279 castigemus
1249 1192 1367 1280 ipsum
1402 1216 1516 1282 gram-

338 1298 517 1384 maticum,
546 1298 646 1367 cuius
670 1310 789 1367 tamen
814 1296 1004 1367 temeritati
1028 1299 1215 1367 tribuenda
1237 1299 1405 1368 videntur
1427 1300 1516 1369 vitia

339 1427 428 1492 quae
452 1416 662 1493 sequuntur:
1098 1392 1101 1396 ’

445 1513 660 1600 Exemplum
684 1514 778 1600 quod
802 1523 856 1579 est
878 1511 915 1579 in
931 1514 1043 1579 Anab.
1069 1516 1113 1580 II.
1141 1519 1226 1580 1.18
1251 1518 1270 1581 ὁ
1294 1514 1330 1582 ἀὲ
1349 1517 1518 1602 Κλέαρχος

336 1627 437 1685 ταῦτα
463 1622 598 1704 ὑπήγετο
620 1621 815 1705 βουλόμενος
841 1621 896 1686 καὶ
922 1621 1019 1687 αὐτὸν
1044 1621 1099 1686 τὸν
1121 1623 1210 1706 παρὰ
1236 1624 1396 1708 βασιλέως
1422 1647 1515 1710 πρεσ-

337 1728 471 1810 βεύοντα
497 1728 730 1812 συμβουλεῦσαι
762 1729 807 1813 μὴ
836 1729 1037 1810 παραδοῦναι
1063 1729 1101 1792 τὰ
1129 1730 1212 1794 ὅπλα
1245 1728 1339 1814 apud
1367 1727 1515 1796 Suidam

337 1832 376 1918 (s.
394 1856 425 1898 v.
448 1835 578 1922 ὑπῆγεν)
601 1834 707 1919 plane
729 1834 975 1921 perturbatum
998 1833 1048 1899 ita
1071 1833 1215 1921 legitur:
1249 1837 1267 1900 ὁ
1292 1835 1328 1903 ἀὲ
1350 1837 1516 1924 Κλέαρχος

338 1941 430 2005 ταῦθ’
454 1942 555 2025 ὑπῆγε
581 1942 776 2026 βουλόμενος
798 1940 855 2007 καί
879 1942 975 2007 αὐτὸν
1000 1944 1055 2008 τὸν
1078 1944 1207 2027 βασιλέα
1228 1934 1411 2027 πρεσβεύειν
1437 1964 1516 2028 συμ·

336 2048 504 2130 βουλεῦσαι
519 2073 548 2112 κ.
564 2073 588 2112 τ.
604 2049 629 2112 t
669 2048 770 2131 Quae
786 2046 962 2134 corruptio
979 2046 1271 2136 lexicographum
1286 2046 1405 2135 potius
1421 2047 1515 2136 sapit

336 2150 546 2219 festinanter
579 2163 841 2240 percurrentem
875 2157 1086 2241 exemplum,
1122 2177 1191 2243 quo
1227 2155 1403 2242 glossema
1436 2156 1516 2222 vult

336 2257 483 2343 munire,
507 2282 614 2346 quam
636 2259 818 2328 librarium
841 2259 947 2327 aliam
969 2282 1014 2327 ex
1034 2260 1104 2328 alia
1119 2260 1236 2329 littera
1252 2260 1513 2350 depingentem.

443 2368 528 2434 Uno
550 2367 628 2432 loco
649 2369 713 2432 III.
731 2372 761 2434 4.
779 2370 821 2433 38
838 2377 964 2453 sponte
980 2379 1126 2457 apparet
1140 2366 1289 2436 Suidam
1305 2367 1513 2455 excerpendi

336 2475 497 2538 munere
516 2494 642 2559 parum
670 2472 860 2559 diligenter
887 2473 1094 2541 defunctum
1123 2496 1206 2540 esse.
1258 2475 1396 2545 Extant
1419 2474 1513 2541 enim

337 2580 431 2664 apud
459 2577 607 2646 Suidam
637 2586 673 2661 (s,
694 2603 725 2646 v.
750 2581 924 2665 ἀκρῶνοξ)τ
970 2573 1056 2648 Ἐπεὶ
1090 2583 1125 2647 ἀὲ
1159 2585 1246 2668 ἑώρα
1274 2584 1293 2647 ὁ
1320 2583 1514 2674 Χειρίσοφος

338 2689 650 2772 προκατειλημμένην
672 2688 728 2772 τὴν
750 2689 954 2776 ἀκρωνυχίαν
977 2677 1084 2772 ὅρους,
1109 2683 1166 2772 ὑφ’
1189 2693 1229 2772 ἣν
1249 2686 1461 2774 ἡκατάβασις
1476 2690 1515 2775 ἧν

336 2790 384 2872 εἰς
406 2794 441 2859 τὸ
463 2795 583 2876 πεδίονς
608 2793 730 2860 contra
753 2792 790 2860 in
813 2793 970 2860 Anabasi
986 2816 1077 2880 quae
1092 2796 1287 2862 succedunt
1301 2796 1514 2862 vocabulum

336 2903 535 2988 ἀκρωνυχίαν
549 2899 669 2986 paullo
692 2922 798 2986 supra
813 2902 990 2988 leguntur.
1038 2899 1109 2985 Qui
1124 2903 1258 2968 lactum
1273 2899 1321 2968 sit
1334 2903 1513 2985 mendum,

337 3004 448 3072 oculis
478 3004 662 3072 cernimus.
707 3007 836 3074 Suidas
861 3006 964 3092 enim,
993 3029 1074 3074 cum
1098 3020 1281 3096 quaereret
1303 3011 1513 3096 exemplum,

336 3133 406 3197 quo
429 3109 621 3180 illustraret
644 3114 799 3199 glossam
816 3117 1028 3200 ἀκρωνυχίαν,
1051 3113 1181 3202 reperit
1196 3113 1284 3181 illud
1300 3114 1513 3201 ἀκρωνυχίαν,

336 3218 429 3306 quod
453 3229 508 3286 est
530 3217 567 3285 in
592 3223 610 3304 ἕ
635 3223 685 3287 38.
731 3220 849 3308 Atque
873 3230 1011 3288 textum
1034 3243 1115 3289 cum
1137 3221 1346 3308 perlegisset
1368 3221 1452 3289 inde
1468 3226 1512 3290 ab

336 3327 411 3392 ἐπεὶ
446 3325 482 3392 ἀὲ
517 3324 581 3414 (sic
616 3337 800 3394 exaratum
827 3338 904 3394 erat
930 3326 967 3393 in
997 3326 1189 3416 exemplari
1212 3328 1300 3416 eius)
1329 3350 1441 3416 usque
1468 3330 1513 3396 ad

334 3454 459 3498 vocem
482 3435 693 3520 ἀκρωνυχίαν,
717 3433 885 3517 enotavit,
908 3457 977 3522 quo
1000 3436 1094 3501 lacto
1117 3433 1298 3522 requirens
1319 3436 1388 3502 hoc
1403 3439 1507 3518 ἀκρω-

335 3541 449 3623 νυχίαν,
478 3549 519 3606 ut
546 3538 730 3626 sequentia
759 3539 1031 3625 transscriberet,
1064 3563 1179 3608 errore
1206 3539 1332 3607 incidit
1357 3541 1394 3607 in
1423 3539 1511 3607 illud

336 3647 546 3730 ἀκρωνυχίαν,
575 3647 668 3732 quod
691 3668 798 3734 supra
826 3651 856 3733 (ᾗ
880 3653 922 3714 37
946 3646 1022 3732 lin.)
1050 3659 1149 3715 extat
1175 3659 1282 3735 atque
1305 3669 1395 3735 quae
1418 3645 1512 3714 hanc

334 3773 458 3818 vocem
504 3763 702 3839 sequuntur
739 3752 911 3823 exhibuit.
972 3757 1106 3822 Verum
1151 3776 1256 3821 nemo
1294 3752 1513 3822 existimabit

336 3879 488 3924 errorem
508 3857 580 3925 iam
596 3858 823 3927 commissum
838 3859 947 3928 fuisse
969 3859 1007 3927 in
1023 3860 1155 3929 Suidae
1170 3859 1371 3947 exemplari.
1418 3865 1513 3928 Nam

335 3963 395 4050 qui
432 3973 547 4031 totum
576 3964 760 4052 descripsit
795 3977 942 4051 textum,
969 3966 1035 4034 etsi
1064 3966 1174 4036 oculis
1203 3966 1387 4050 aberravit,
1414 3968 1511 4034 haud

335 4068 520 4137 immemor
542 4069 668 4139 luisset
690 4061 728 4140 se
750 4074 856 4140 modo
879 4071 940 4140 illa
963 4074 1170 4142 exaravisse

441 4180 523 4243 Non
548 4177 634 4245 satis
656 4178 785 4246 deinde
808 4190 955 4266 constat,
978 4180 1083 4248 lectio
1099 4203 1206 4269 quam
1221 4183 1367 4270 praebet
1382 4180 1511 4251 Suidas

334 4305 358 4350 s.
380 4307 413 4350 v.
436 4285 682 4370 ἀντιποιηάένυα
716 4285 874 4373 ipsiusne
907 4287 1149 4375 lexicographi
1183 4286 1433 4376 neglegentiae
1467 4323 1510 4336 -

334 4411 407 4456 non
439 4389 566 4458 habuit
594 4414 655 4458 cur
683 4394 844 4461 consulto
870 4405 1025 4462 mutaret
1053 4433 1095 4444 -
1123 4417 1168 4461 an
1197 4418 1318 4462 eorum
1345 4391 1511 4477 incuriae,
