3550 5166
829 442 1050 504 „40-

347 646 479 734 recepit
513 652 737 734 ἐμπρήσαντες,
772 673 859 716 num
893 649 987 717 idem
1022 655 1073 717 ὅτε
1103 653 1138 718 τὸ
1167 649 1324 720 omiserit
1358 665 1528 742 excerpto

349 753 515 842 cognosci
538 755 670 843 nequit
1177 769 1179 774 ’

454 864 516 930 IV·
540 867 568 928 5.
593 866 635 928 28
658 864 736 929 mel.
761 865 859 930 αὐτὸν
881 867 1016 938 inuisum
1042 865 1108 931 det
1126 865 1266 932 ἐκέλευεν
1282 869 1386 935 αὐτόν.
1425 865 1523 934 Suid.

348 975 385 1052 (s.
402 993 434 1037 v.
456 970 737 1058 irremuneratas)
760 992 826 1037 om.
851 973 954 1038 αὐτόν.
1001 970 1130 1058 Accipe
1152 971 1190 1037 in
1215 973 1404 1060 archetypo
1428 975 1530 1040 αὐτὸν

347 1077 455 1144 verbo
483 1078 606 1144 ἐκέλευε
636 1076 913 1167 suprascriptum
940 1077 1061 1144 fuisse:
1097 1077 1267 1146 continuo
1294 1078 1523 1147 manifestum

347 1181 418 1267 fiet,
443 1185 618 1270 quomodo
642 1183 881 1271 discrepantes
903 1185 1072 1252 lectiones
1094 1196 1201 1252 natae
1224 1183 1304 1253 sint.
1512 1198 1514 1201 ’

454 1294 494 1361 V.
520 1296 548 1357 4.
576 1295 615 1356 12
640 1290 675 1375 C,
700 1295 728 1357 B
755 1313 939 1378 perperam
967 1292 1139 1379 praebent
1166 1296 1299 1377 ἔστησαν
1331 1294 1437 1380 ὥσπερ
1464 1294 1523 1358 ἀνὰ

348 1399 460 1465 ἑκατὸν
482 1401 614 1484 μάλιστα
638 1400 705 1464 οἷον
727 1401 819 1483 χοροὶ
842 1401 1116 1483 ἀντιστοιχοῦντες;
1142 1409 1204 1466 cet
1220 1422 1284 1486 pro
1300 1401 1368 1465 οἷον
1391 1398 1529 1468 habent¹

348 1509 378 1572 ol
405 1506 457 1592 (Η
481 1504 540 1592 οἶ);
573 1502 672 1572 Suid.
701 1503 740 1592 (S.
764 1528 797 1571 v.
822 1505 1094 1592 ἀντιστοιχοῦντες)
1125 1528 1191 1572 om.
1227 1509 1301 1572 οἷον.
1358 1506 1421 1573 Ad.
1445 1505 1478 1572 h.
1503 1505 1525 1572 l.

348 1613 496 1678 adnotat
511 1609 813 1677 Breitenbachius:
838 1661 858 1686 „
871 1612 981 1684 Vides,
1000 1617 1183 1698 postquam
1206 1615 1274 1678 οἷον
1297 1614 1337 1678 in
1361 1616 1391 1678 ol
1407 1613 1526 1699 depra-

347 1725 463 1785 vatum
499 1723 583 1792 erat,
617 1718 758 1782 illatum
790 1741 859 1783 esse
891 1721 1031 1803 ὥσπερ.“
1077 1717 1143 1785 Cui
1171 1717 1370 1785 sententiae
1397 1719 1527 1802 obstat,

348 1826 441 1932 quod
457 1823 494 1891 in
511 1822 609 1891 libris
622 1824 650 1891 C
666 1834 702 1891 et
714 1827 750 1908 B,
766 1846 980 1911 quamquam
997 1827 1064 1892 οἷον
1079 1846 1151 1891 non
1168 1826 1400 1911 depravatum
1416 1823 1523 1891 estin

348 1935 385 2014 ot,
408 1929 520 1998 nihilo
537 1929 646 1997 setius
671 1941 850 2017 comparet
871 1935 989 2026 ὥσττερ.
1037 1930 1256 1998 Probabilius
1272 1930 1413 1999 videtur
1435 1929 1524 1997 illud

347 2041 456 2124 ὥσπερ
479 2036 516 2105 in
541 2038 731 2124 archetypo
756 2039 801 2104 ad
825 2041 892 2105 οἷον
914 2061 977 2125 pro
1000 2037 1099 2105 varia
1122 2037 1273 2106 lectione
1294 2035 1448 2124 margini
1465 2037 1527 2102 ad-

348 2143 518 2232 scriptum
542 2143 580 2211 in
604 2155 743 2212 textum
766 2143 954 2231 irrepsisse,
983 2167 1053 2232 quo
1080 2145 1257 2212 inculcato
1281 2143 1318 2211 in
1342 2143 1526 2211 nonnullis

347 2250 445 2318 libris
456 2253 620 2319 voculam
635 2253 710 2335 οἷον,
724 2273 813 2338 quae
828 2252 932 2318 valde
945 2252 1150 2336 abundaret,
1164 2262 1339 2318 mutatam
1351 2273 1428 2317 esse
1439 2249 1477 2316 in
1485 2255 1524 2334 οἱ,

347 2358 383 2424 in
407 2357 576 2425 memoria
600 2368 718 2425 autem
742 2356 913 2427 Suidiana
938 2361 1004 2426 οἷον
1027 2358 1172 2425 omnino
1197 2357 1418 2425 eliminatum
1439 2379 1523 2423 esse.

455 2465 569 2533 Multa
592 2463 704 2552 igitur
723 2463 909 2532 stabiliunt
932 2463 1146 2532 sententiam
1161 2475 1320 2531 nostram
1336 2465 1527 2550 exemplar,

348 2572 443 2658 quod
473 2571 510 2638 in
540 2573 784 2660 componendo
815 2573 980 2638 thesauro
1012 2570 1213 2638 adhibuerit
1243 2570 1526 2660 lexicographuS,

348 2700 463 2765 neque
491 2680 535 2746 ad
558 2677 710 2766 priorem
737 2701 853 2765 neque
880 2679 924 2744 ad
952 2680 1098 2746 alteram
1129 2677 1300 2746 familiam
1328 2701 1404 2746 esse
1426 2702 1528 2747 revo-

348 2786 510 2870 candum,
532 2785 652 2873 potius
676 2787 721 2852 ad
745 2808 969 2852 communem
991 2784 1104 2852 redire
1127 2787 1366 2872 archetypum.

826 3088 944 3173 eaput
966 3089 1049 3158 Vlll.

454 3233 532 3296 Iam
573 3251 656 3297 vero
699 3227 928 3317 inspiciamus
969 3230 1139 3298 lectiones
1182 3228 1314 3299 Suidae
1356 3227 1526 3318 proprias,

349 3333 427 3403 dico
451 3359 510 3404 eas
533 3335 710 3422 lectiones,
739 3359 830 3424 quae
852 3358 967 3424 neque
990 3359 1071 3403 cum
1093 3335 1281 3404 meliorum
1304 3359 1419 3424 neque
1442 3359 1523 3403 cum

347 3443 560 3510 deteriorum
593 3443 843 3532 Xenophontis
876 3443 1045 3510 librorum
1080 3442 1253 3531 scriptura
1288 3441 1524 3510 consentiunt

348 3554 390 3617 In
420 3549 547 3637 quibus
571 3572 709 3638 semper
731 3561 786 3618 est
809 3550 1087 3634 discernendum,
1112 3561 1232 3618 utrum
1255 3552 1403 3618 fortasse
1425 3559 1524 3616 ortae

348 3657 420 3724 sint
450 3655 649 3724 mutatione
678 3659 838 3724 consulto
867 3680 887 3723 a
915 3655 1026 3724 Suida
1053 3658 1147 3724 facta
1174 3679 1221 3724 an
1249 3679 1293 3722 ex
1322 3677 1436 3722 errore
1465 3655 1524 3722 vel

347 3762 576 3850 neglegentia
605 3762 779 3850 originem
807 3762 973 3830 duxerint
1000 3762 1075 3830 sive
1097 3763 1209 3850 ipsius
1233 3761 1364 3832 Suidae
1387 3749 1462 3830 sine
1484 3760 1525 3828 li-

347 3870 452 3938 brarii
476 3869 605 3937 codicis
629 3869 889 3957 Xenophontei,
914 3893 957 3936 ex
980 3892 1050 3957 quo
1073 3868 1201 3957 petivit
1224 3880 1388 3956 excerpta
1409 3891 1525 3957 gram-

346 3976 498 4044 maticus
521 3975 596 4043 sive
619 3999 749 4061 eorum,
773 3976 832 4063 qui
855 3975 992 4043 lexicon
1017 3976 1284 4063 descripserunt
1331 3977 1426 4042 Illud
1450 3974 1524 4063 qui-

347 4086 428 4150 dem
451 4083 513 4151 ubi
534 4085 694 4151 consulto
712 4081 1014 4151 transformaverit
1028 4083 1290 4169 Xenophontea
1304 4081 1434 4152 Suidas
1449 4103 1521 4148 non

348 4192 539 4258 admodum
584 4190 729 4258 difficile
775 4199 829 4256 est
870 4189 1049 4277 indagare.
1109 4191 1225 4274 Quem
1264 4212 1348 4258 vero
1387 4207 1525 4274 semper

347 4297 472 4365 erroris
500 4307 563 4365 aut
589 4297 746 4364 incuriae
768 4319 969 4383 arguamus,
996 4298 1093 4364 haud
1112 4296 1214 4364 facile
1237 4307 1292 4365 est
1319 4295 1523 4378 diiudicatu,

347 4402 432 4492 quin
457 4401 565 4472 etiam
588 4403 766 4472 interdum
789 4404 933 4471 omnino
950 4404 1023 4472 erui
1039 4427 1111 4472 non
1127 4415 1253 4492 potest
1299 4407 1424 4490 Neque
1439 4388 1525 4468 vero
