3550 5166
726 441 947 504 ...39-

357 650 416 716 IV.
454 655 481 716 7.
516 653 558 715 25
596 651 675 716 mel.
714 653 995 735 παρηγγυήσαντο;
1035 650 1102 719 det.
1137 653 1425 736 παρεγγυήσαντος

251 751 348 822 Suid.
373 756 412 842 (s.
430 779 461 822 v.
477 755 663 843 παρεγγυιᾷ)
685 765 780 822 recte
801 759 1083 845 παρεγγυήσαντος.
1123 755 1277 830 Litteras
1299 756 1426 823 finales

251 859 289 926 in
313 862 503 949 archetypo
528 861 637 929 fuisse
660 863 826 930 obscuras
848 885 953 930 nemo
976 885 1049 930 non
1071 862 1178 931 videt
1225 863 1319 931 Illud
1342 869 1427 951 aug-

249 978 411 1035 mentum
426 995 446 1054 η
463 967 499 1034 in
515 967 702 1035 meliorum
718 966 869 1037 lectione
885 969 1086 1038 coniectura
1102 980 1219 1038 ortum
1235 980 1296 1053 est,
1320 991 1426 1057 quam

249 1086 462 1164 pepererunt
492 1074 631 1143 litterae
662 1085 833 1144 exeuntes
865 1099 885 1143 e
913 1075 1002 1144 libro
1034 1078 1235 1165 archetypo
1257 1078 1427 1144 mendose

249 1181 299 1267 (w
322 1203 385 1269 pro
407 1182 476 1269 τος)
500 1181 703 1271 descriptae.

359 1327 416 1392 lv.
442 1329 472 1393 5.
490 1329 532 1392 33
550 1325 585 1409 C,
601 1327 642 1409 Α,
658 1324 757 1393 Suid.
775 1327 814 1413 (S.
831 1350 861 1393 v.
880 1327 998 1414 ἓννεός)
1014 1329 1122 1430 ὥσπερ
1139 1329 1265 1410 &osnig
1290 1330 1318 1392 Β
1333 1335 1427 1392 recte

251 1434 362 1516 ὥσπερ
385 1435 493 1515 ἐνεοῖς;
517 1432 585 1498 det
610 1434 746 1517 ὡσπερεὶ
768 1435 856 1506 νέοις.
904 1431 1110 1506 Lectionem
1125 1431 1334 1502 Suidianam
1354 1453 1425 1498 non

250 1537 409 1606 derivare
418 1537 501 1605 licet
511 1561 555 1604 ex
564 1561 614 1623 ea,
627 1561 717 1626 quae
727 1538 878 1607 occurrit
886 1539 923 1605 in
932 1539 1426 1627 deterioribusXenophontis‚

252 1665 333 1709 cnm
356 1644 532 1712 diversam
563 1647 694 1713 habeat
722 1645 931 1733 scripturam
954 1645 1235 1734 lexicographus‚
1269 1663 1427 1734 quaene
1499 1631 1502 1640 ’

251 1772 365 1818 errore
387 1755 444 1819 vel
465 1750 601 1820 incuria
624 1751 781 1820 scribarii
797 1763 883 1820 nata
899 1751 954 1836 sit
978 1752 1231 1841 impedimento
1249 1765 1310 1838 est
1334 1756 1428 1842 quod

253 1860 401 1925 eandem
413 1871 556 1927 servant
572 1858 696 1946 optimi
708 1858 958 1946 Xenophontis
969 1857 1057 1926 libri.
1099 1858 1220 1928 Potius
1237 1861 1432 1948 archetypo

254 1964 390 2032 crimini
426 1967 543 2033 danda
578 1977 632 2033 est
665 1965 726 2032 illa
758 1965 910 2033 varietas
944 1964 1146 2049 lectionum,
1181 1965 1218 2032 in
1252 1989 1321 2053 qno
1357 1989 1428 2033 una

250 2071 368 2140 littera
391 2074 430 2138 N
447 2073 543 2139 illins
565 2073 774 2139 ΕΝΝΕΟΙΣ
793 2094 865 2138 non
889 2073 995 2161 plane
1018 2083 1094 2139 erat
1116 2074 1241 2157 deleta,
1270 2084 1310 2141 ut
1332 2073 1429 2140 meli-

251 2203 353 2247 orum
381 2191 416 2246 et
444 2179 575 2248 Suidae
606 2178 815 2266 exemplaris
844 2189 967 2246 auctor
995 2201 1073 2246 eam
1101 2177 1304 2269 reciperent,
1336 2181 1429 2248 dete-

251 2287 383 2354 riorum
415 2285 564 2373 scriptor
592 2288 894 2371 transsurneretl,
927 2309 1017 2374 quae
1047 2309 1119 2353 una
1149 2287 1253 2355 hasta
1276 2284 1371 2353 illius
1394 2288 1434 2351 N

252 2394 393 2482 integra
416 2404 603 2481 supererat
1228 2406 1234 2418 ’

359 2537 561 2623 Archetypo
577 2535 709 2623 optime
732 2537 880 2603 fortasse
901 2535 1138 2622 expediuntur
1160 2536 1330 2604 lectiones
1346 2558 1429 2624 quo-

254 2666 322 2731 que
350 2643 589 2730 discrepantes
621 2642 688 2710 loci
717 2646 757 2712 V.
783 2648 811 2710 2.
839 2647 892 2709 12:
927 2645 1005 2710 mel.
1036 2646 1324 2728 ὃιηγκυλωμένσος;
1360 2643 1427 2710 det

255 2753 544 2839 διηγκυλωμένους
568 2749 665 2818 Suid.
687 2751 726 2836 (S.
743 2774 774 2817 v.
800 2750 1064 2837 ὄιηγκυλημένον)
1089 2749 1368 2836 ὄιηγκολημένους.

360 2896 418 2962 IV.
448 2899 476 2959 4.
509 2898 548 2959 14
582 2894 649 2959 det.
683 2896 753 2959 ὅσοι
784 2893 820 2960 δὲ
850 2895 901 2958 ὅτε
932 2893 968 2958 τὸ
999 2895 1159 2979 πρότερον
1190 2895 1342 2979 ἀπῄεσαν,
1373 2894 1430 2972 τὰς

253 3004 353 3074 οἰκίας
381 3000 570 3085 &inponam
602 2998 699 3068 Suid.
724 3001 762 3087 (s
788 3025 818 3067 v.
843 3000 972 3087 αἰθρία)
1002 2998 1088 3067 citat
1119 3004 1149 3068 ol
1181 3001 1216 3066 δὲ
1245 3001 1300 3073 τὰς
1329 3003 1430 3072 οἰκίας

254 3111 468 3192 ἐμπρήσαντες
500 3109 591 3193 δίκην
623 3109 745 3174 ἔδοσαν.
793 3109 894 3190 Quae
926 3106 1031 3173 lectio
1064 3109 1278 3192 ἐμπρήσαντες
1310 3112 1430 3193 (quam

253 3214 362 3280 habet
389 3211 497 3280 etiam
521 3217 553 3278 D
577 3211 840 3299 Xenophontis)
868 3237 889 3280 a
911 3211 1073 3300 plurimis
1095 3211 1181 3280 viris
1209 3212 1323 3280 doctis
1353 3235 1430 3302 pro·

253 3320 345 3404 bata,
379 3343 399 3386 a
428 3319 620 3405 nonnullis,
653 3329 694 3387 ut
725 3319 883 3408 Sauppio
916 3330 952 3387 et
982 3318 1167 3404 Gemollio‚
1197 3319 1429 3407 Xenophonti

254 3425 391 3495 reddita
423 3436 478 3493 est
512 3449 592 3494 cum
624 3425 771 3514 agnosci
803 3425 966 3494 videatur
997 3424 1095 3493 libris
1125 3424 1337 3511 melioribus,
1369 3426 1429 3514 qui

256 3533 427 3602 omittunt
455 3536 505 3600 ὅτε
528 3534 571 3601 τὸ.
618 3538 674 3600 Ne
697 3535 765 3600 hoc
789 3531 932 3620 quidem
955 3534 1031 3599 loco
1055 3542 1118 3599 aut
1140 3531 1344 3600 melioribus
1368 3544 1430 3600 aut

255 3639 485 3709 deterioribus
513 3640 762 3726 Xenophontis
797 3639 895 3707 libris
929 3639 1118 3706 lectionem
1153 3640 1258 3707 debet
1290 3637 1429 3724 Suidas

256 3769 345 3833 quae
369 3748 551 3815 commode
581 3745 747 3833 explicari
778 3757 897 3834 potest
920 3745 1099 3813 communi
1129 3747 1329 3833 archetypo,
1359 3767 1430 3834 quo

255 3852 292 3920 in
309 3853 397 3920 libro
414 3858 463 3922 ὅτε
478 3856 514 3922 τὸ
529 3853 672 3941 punctis
687 3855 835 3921 fortasse
851 3863 926 3920 erat
947 3853 1103 3921 deletum
1127 3864 1163 3921 et
1183 3852 1234 3920 illi
1255 3856 1430 3939 ἐνέπρησαν

255 3959 532 4047 suprascriptum
544 3971 607 4028 ant
617 3960 771 4048 margini
784 3962 994 4027 adnotatum
1009 3972 1085 4028 erat
1096 3964 1317 4046 ἐμπρήσαντες.
1350 3959 1430 4028 Cor-

255 4065 448 4134 rectionem
485 4065 583 4134 illam
620 4065 805 4134 meliorum
843 4079 966 4134 auctor
1003 4066 1105 4150 vidit,
1151 4068 1245 4135 hanc
1283 4069 1430 4134 alteram

256 4171 422 4260 neglexit
470 4174 520 4244 Et
541 4167 592 4240 dia
606 4176 641 4241 τὸ
665 4175 822 4241 detracto
845 4195 917 4241 non
937 4172 1107 4240 miramur
1133 4182 1257 4261 postea
1280 4171 1317 4240 in
1333 4173 1430 4241 meli-

256 4303 333 4347 ores
356 4279 495 4348 illatum
524 4302 600 4348 esse
626 4284 681 4348 nal
707 4290 789 4368 post
817 4279 967 4371 ἀπῄεσαν,
999 4301 1068 4368 quo
1091 4279 1234 4348 vinculo
1261 4278 1430 4348 orationis

258 4397 375 4474 partes
393 4386 662 4475 coniungendae
674 4396 783 4456 erant
796 4385 988 4456 Suidianae
1002 4385 1191 4454 memoriae
1203 4397 1326 4454 auctor
1337 4397 1430 4455 recte
