3550 5166
788 407 1011 470 ..12-

414 613 483 682 His
505 613 612 683 libros
636 614 837 704 opponendi
860 627 959 683 sunt:

469 725 497 788 B
527 721 719 809 (Parisinus
742 721 873 790 saeculi
895 723 1011 810 XIII),

467 829 498 898 E
521 829 780 914 (Bruxellensis,
804 851 897 896 anno
924 833 1009 896 1475
1033 828 1220 917 exaratus),

307 957 395 1022 quos
418 937 506 1004 duos
522 934 659 1004 codices
674 937 767 1004 inter
782 958 819 1003 se
835 957 912 1003 esse
927 946 1099 1024 cognatos
1116 937 1363 1003 demonstrant
1376 934 1490 1001 etiam

306 1041 475 1110 lectiones
502 1044 784 1130 Xenophonteae
815 1045 939 1127 falsae,
967 1064 1058 1130 quae
1085 1040 1129 1109 iis
1159 1052 1244 1109 sunt
1272 1062 1491 1124 communes,

306 1150 406 1216 velut

449 1259 475 1323 I.
506 1261 534 1324 9.
565 1261 584 1323 6
614 1258 650 1344 (s
667 1281 699 1325 v.
722 1255 908 1346 κατέκανεν)
932 1259 960 1322 Β
984 1255 1016 1326 E
1039 1260 1183 1346 ἔτρωσεν
1205 1278 1269 1345 pro
1292 1253 1431 1344 ἔτρεσεν,

430 1365 474 1430 ΙΙ.
499 1366 527 1429 6.
552 1365 594 1428 22
619 1363 656 1449 (s.
672 1387 704 1430 v.
728 1362 863 1451 Μένων)
890 1385 954 1450 pro
982 1359 1114 1430 δύναιτο
1143 1363 1253 1430 habet
1281 1365 1309 1428 Β
1332 1359 1490 1450 ψεύδετο,

621 1475 651 1537 Ε
672 1467 737 1557 ψιέ
761 1521 768 1536 .
793 1521 800 1534 .
824 1522 843 1554 .,

429 1577 473 1641 II.
499 1578 526 1642 6.
551 1578 594 1640 25
619 1574 655 1662 (S.
673 1599 703 1642 v.
727 1575 863 1662 Μένων)
887 1578 916 1641 Β
939 1575 972 1646 Ε
994 1574 1052 1642 καὶ
1075 1565 1121 1648 ὦς
1143 1566 1178 1643 ni
1200 1597 1264 1664 pro
1289 1566 1335 1656 ὦς
1357 1565 1403 1658 εὖ,

414 1684 473 1750 IV.
498 1685 526 1748 5.
553 1686 592 1748 13
617 1683 657 1767 (s.
675 1706 706 1750 v.
728 1679 819 1770 χιών)
844 1682 928 1753 BE
952 1671 1141 1750 ύπολύοιτο
1164 1704 1228 1769 pro
1252 1673 1440 1763 ύπολύοιτο,

414 1791 473 1856 IV.
498 1792 526 1853 5.
552 1791 594 1855 26
619 1788 655 1875 (S.
676 1812 709 1856 v.
734 1786 872 1878 γόνατον
903 1789 1194 1877 [Bernhardyus])
1224 1788 1308 1859 BE
1336 1791 1488 1855 ἐνένωντο

620 1917 685 1982 pro
707 1895 877 1979 ένέιειντο,

415 2005 473 2071 IV.
499 2008 529 2071 7.
557 2007 596 2069 16
621 2005 661 2088 (s,
678 2027 710 2069 v.
735 1991 866 2093 ξιηλην)
889 2005 918 2068 Β
941 2001 973 2072 Ε
997 2002 1080 2091 περὶ
1101 2025 1165 2090 pro
1190 2000 1294 2092 rcapti,

417 2112 475 2178 IV.
500 2114 529 2177 3.
557 2113 596 2174 10
621 2109 656 2198 (s.
673 2132 704 2176 v.
729 2108 822 2199 ἐξείη)
846 2111 874 2174 Β
898 2109 931 2180 E
954 2111 1141 2196 προελθεῖν
1163 2131 1227 2198 pro
1252 2110 1465 2199 προσελθεῖν,

414 2219 476 2285 IV.
506 2220 534 2282 8.
563 2221 582 2280 7
617 2215 653 2305 (s
669 2240 701 2282 v.
726 2214 1003 2304 ἐπεμαρτύραντο)
1027 2219 1055 2280 Β
1078 2215 1111 2286 Ε
1134 2238 1200 2283 orn
1224 2219 1306 2296 τούς.

418 2395 581 2462 Ceterum
605 2394 679 2460 cod.
703 2393 736 2463 E
759 2393 892 2460 nullius
906 2395 979 2460 lere
993 2415 1080 2460 usus
1097 2404 1159 2462 aut
1175 2392 1395 2461 auctoritatis
1411 2416 1494 2461 esse

308 2512 434 2591 potest,
450 2521 534 2568 nam
550 2522 633 2567 eum
649 2499 901 2587 interpolatum
916 2510 952 2568 et
967 2523 1011 2567 ex
1026 2500 1112 2588 ipsis
1124 2499 1374 2588 Xenophontis
1389 2500 1493 2568 libris

310 2611 537 2676 emendatum
560 2628 636 2674 esse
660 2606 886 2695 cognoscitur
907 2607 965 2674 his
987 2607 1172 2695 exemplis:

417 2736 443 2799 Ι.
467 2739 495 2800 5.
523 2737 562 2799 12
586 2755 611 2800 s.
627 2757 659 2802 v.
684 2737 766 2818 ἵησιν
789 2729 889 2800 addit
911 2733 986 2798 cod.
1001 2732 1034 2802 E
1050 2734 1211 2820 exemplo
1227 2733 1493 2821 Xenophonteo

308 2847 374 2908 τῶν
407 2841 443 2910 δέ
475 2845 534 2908 τού
565 2842 725 2920 Μένωνος
759 2843 966 2924 στρατιωτῶν
997 2837 1131 2925 σχίζων,
1162 2861 1269 2926 quam
1303 2839 1494 2927 interpola·

310 2947 443 3015 tionem
466 2945 570 3014 duxit
592 2969 636 3013 ex
658 2945 822 3012 Anabasi.
861 2964 863 2968 ·

417 3073 442 3138 Ι.
473 3075 500 3139 8.
528 3075 568 3137 10
597 3093 621 3138 s.
642 3094 674 3139 v.
699 3068 954 3158 ύρεπανηφύρος
992 3069 1071 3137 libri
1099 3069 1263 3140 Suidiani
1290 3081 1429 3158 praeter
1457 3071 1490 3142 E

310 3179 445 3245 habent
468 3176 642 3267 ἐτύγχανον
665 3180 721 3246 vel
738 3175 956 3264 ἕνετύγχανον;
981 3178 1012 3247 Ε
1029 3176 1173 3246 exhibet
1189 3200 1270 3245 curn
1285 3175 1493 3245 melioribus

310 3283 560 3373 Xenophontis
583 3287 809 3374 ἐντυγχάνοιεν.

418 3413 477 3478 IV.
502 3414 530 3477 5.
558 3413 597 3474 14
626 3431 650 3476 S.
677 3433 708 3476 v.
740 3405 941 3494 καρβύσιναι
971 3409 1008 3476 in
1040 3407 1159 3476 codice
1190 3409 1222 3479 E
1261 3407 1393 3496 legitur
1425 3431 1493 3496 pro

310 3513 489 3603 καρβύσινα
506 3509 593 3601 εἶχον
609 3519 645 3581 ἐκ
660 3523 724 3583 τῶν
738 3543 769 3582 κ.
786 3542 813 3583 τ.
830 3517 856 3582 λ.
880 3515 974 3582 idem
994 3518 1065 3582 fere
1082 3527 1187 3604 atque
1211 3515 1248 3582 in
1265 3515 1363 3583 libris
1374 3519 1496 3582 Xeno

311 3619 491 3711 phonteis:
515 3620 714 3710 καρβύσιναι
736 3613 821 3712 ἦσαν
844 3627 1073 3712 πεποιημέναι
1097 3625 1133 3688 ἐκ
1155 3629 1222 3690 τῶν
1241 3649 1269 3689 κ.
1285 3648 1314 3691 τ.
1331 3625 1368 3698 λ,
1396 3623 1496 3689 unde

312 3739 459 3819 apparet
482 3750 526 3795 ex
548 3726 605 3794 his
629 3751 711 3795 eum
734 3751 810 3795 esse
833 3728 1092 3816 interpolatum.

418 3874 459 3940 V.
484 3874 512 3937 2.
540 3873 579 3935 12
601 3893 625 3937 s.
642 3895 673 3938 v.
691 3872 944 3962 ύιηγιολημένον
966 3869 1003 3937 in
1028 3871 1147 3940 codice
1162 3873 1194 3943 E
1210 3870 1380 3959 scriptum
1396 3871 1493 3939 vide·

312 4027 392 4073 mus
420 3986 535 4095 ύεήσεύ
558 4027 621 4093 pro
645 4003 755 4096 δεήσοι
778 4016 982 4074 ceterorum.
1027 4007 1132 4072 'Illam
1154 4005 1310 4074 litteram
1333 4033 1350 4073 ν
1371 4028 1496 4094 supra·
1551 4023 1554 4030 ’

313 4128 480 4218 scriptam
509 4152 586 4197 esse
612 4129 894 4197 emendationem
918 4153 938 4198 e
960 4129 1058 4198 libris
1078 4130 1347 4218 Xenophonteis
1372 4133 1496 4222 δεῆσον·

313 4235 536 4306 servantibus
563 4239 702 4321 laetam,
729 4236 934 4324 prinsquam
960 4237 1098 4305 litterae
1129 4249 1299 4305 exeuntes
1328 4263 1361 4307 οι
1390 4236 1428 4304 in
1461 4262 1494 4305 ει
1625 4269 1627 4274 ·

313 4343 472 4431 abierint,
495 4343 597 4412 facile
619 4343 835 4433 perspicitur.
