3550 5166
712 441 932 504 „37.„

244 653 291 718 11.
317 655 346 717 3.
373 655 412 716 18
438 649 465 718 C
487 673 548 736 pr,
571 649 668 718 Suid.
693 653 731 737 (s,
747 674 779 718 v.
804 649 994 736 ἀχαριστεῖν)
1018 653 1112 734 ἔχειν;
1136 659 1199 716 cet
1224 652 1309 725 ἕξειν.

232 761 292 828 IV.
319 763 346 824 7.
375 761 413 822 12
439 757 467 825 C
488 780 547 844 pr,
571 755 714 844 Suid.(S.
722 756 843 843 uiroc)
853 758 1408 846 ὁρᾷ-παραύεῖ;υεῒ.ἑώρα-παρέθει.

232 867 291 933 IV.
317 869 345 930 8.
371 868 413 929 20
438 863 466 930 C
488 886 546 950 pr,
570 863 667 932 Suid.
692 870 730 948 (s.
747 888 778 931 v.
803 867 918 949 σμήνη)
942 885 1008 930 om
1032 865 1072 948 ἦν
1094 873 1175 950 post
1198 865 1299 929 οὐδέν.

234 974 293 1040 1V.
318 978 346 1038 4.
375 975 411 1037 ll
438 971 466 1037 C
489 993 547 1056 pr,
571 969 665 1036 Suid.
689 970 729 1058 (S.
746 994 777 1037 v.
802 972 951 1051 ἀλεεινός)
975 971 1124 1053 ἀλεεινόν;
1148 979 1213 1036 cet.
1238 972 1375 1036 ἐλεεινόν.

341 1076 412 1142 Hic
435 1075 567 1144 Suidae
590 1087 626 1144 et
646 1075 725 1143 libri
742 1077 770 1143 C
786 1098 978 1144 consensus
993 1077 1099 1162 plane
1115 1085 1208 1142 esset
1222 1074 1411 1164 inexplica-

234 1182 323 1267 bilis,
348 1182 378 1250 si
402 1184 446 1249 ad
471 1183 683 1250 deteriorum
699 1204 814 1270 genus
830 1183 959 1251 rediret
974 1181 1216 1270 lexicographi
1233 1182 1412 1270 exemplar

233 1291 544 1377 Xenophonteum.
591 1294 686 1356 Nam
709 1300 787 1358 tum
809 1302 1074 1377 expectaremus
1097 1289 1176 1356 illas
1197 1289 1411 1356 deteriorum

234 1396 433 1484 scripturas,
466 1419 553 1483 quas
581 1409 719 1483 praeter
747 1397 774 1465 C
802 1396 910 1464 etiam
938 1418 1060 1464 omnes
1087 1397 1222 1463 habent
1249 1395 1411 1462 meliores

233 1502 323 1588 libri,
350 1501 387 1569 in
417 1501 549 1572 Suidae
578 1525 717 1590 quoque
747 1502 866 1570 codice
892 1525 1075 1570 recurrere.
1122 1502 1267 1574 Etenim
1293 1504 1412 1589 plures
1471 1577 1475 1587 ,

236 1622 323 1677 sunt
351 1632 457 1697 quam
485 1621 527 1678 ut
550 1632 633 1676 casu
656 1612 787 1678 iactam
810 1633 887 1677 esse
910 1609 1124 1698 accipiamus
1147 1595 1413 1676 illamconsen-

170 1795 173 1800 Ι
235 1715 371 1784 sionem
408 1739 474 1784 nec
504 1716 669 1804 cuiquam
705 1717 869 1784 credibile
902 1717 1043 1785 videtur
1071 1718 1159 1784 duos
1192 1715 1330 1783 criticos
1359 1725 1414 1783 tot

236 1823 322 1890 locis
346 1825 495 1890 eandem
518 1825 609 1892 forte
631 1822 753 1891 iecisse
770 1823 1015 1892 coniecturam.
1061 1825 1110 1891 At
1126 1834 1320 1891 correctum
1336 1843 1414 1889 esse

236 1929 368 1998 Suidae
396 1929 552 1997 codicem
580 1953 600 1998 e
626 1929 716 1997 libro
740 1931 768 1998 C
794 1932 851 1998 vel
879 1930 1008 1997 librum
1037 1930 1064 1997 C
1088 1940 1209 1997 contra
1238 1928 1414 1998 eSuidae

239 2037 430 2124 exemplari
470 2035 604 2104 nemini
639 2047 732 2104 certe
767 2037 888 2105 veniet
921 2035 958 2104 in
993 2047 1159 2104 mentem.
1211 2038 1329 2120 Quare
1362 2035 1414 2102 ita

238 2142 431 2210 sentiemus
475 2145 653 2231 exemplar
690 2143 903 2212 Suidianum
944 2143 1056 2210 redire
1099 2144 1144 2210 ad
1182 2144 1414 2228 archetypum

237 2249 377 2337 utrique
415 2250 569 2317 familiae
608 2273 844 2334 communem,
884 2261 920 2317 et
956 2249 1086 2317 librum
1125 2249 1153 2317 C
1190 2261 1227 2316 et
1265 2246 1414 2317 Suidam

237 2356 293 2424 his
316 2357 402 2424 locis
426 2355 621 2444 genuinam
644 2357 824 2445 archetypi
848 2357 1058 2445 scripturam
1080 2355 1275 2423 retinuisse.

345 2463 477 2532 Suidae
510 2466 688 2550 exemplar
721 2461 960 2530 revocandum
995 2487 1072 2530 esse
1104 2464 1149 2530 ad
1180 2461 1318 2546 librum,
1354 2460 1415 2548 qui

238 2581 275 2636 et
309 2572 354 2638 ad
387 2569 539 2656 priorem
574 2582 610 2638 et
644 2572 688 2637 ad
727 2572 874 2638 alteram
907 2569 1108 2659 pertinebat
1141 2570 1301 2653 classem,
1336 2569 1416 2635 dico

241 2677 286 2744 ad
302 2678 534 2765 archetypum
557 2677 770 2744 familiarum
792 2679 953 2744 nondum
975 2676 1223 2761 seiunctarum,
1246 2675 1416 2743 lectiones

240 2783 400 2852 indicant
444 2783 630 2851 meliorum
680 2795 716 2851 et
763 2784 976 2851 deteriorum
1023 2783 1183 2850 codicum
1233 2781 1416 2869 scripturis

239 2889 380 2974 mixtae,
403 2893 503 2958 velut
1150 2914 1152 2918 ’

349 3001 412 3066 III.
436 3005 465 3065 4.
490 3003 532 3064 35
555 2999 634 3064 mel.
658 2999 790 3082 χαλεπὰ
818 3001 947 3084 νύκτωρ
975 3000 1028 3064 καὶ
1051 3000 1197 3087 θορύβου
1221 3002 1322 3081 ὄντος
1346 2997 1416 3064 det.

239 3106 376 3190 χαλεπὸν
402 3107 516 3178 νυκτὸς
538 3108 589 3171 ὅτε
611 3107 665 3171 καὶ
687 3107 835 3191 θορύβου
859 3108 949 3184 ὄντος
972 3113 1090 3189 ποιεῖν;
1119 3104 1216 3174 Suid
1240 3111 1279 3188 (s
1295 3128 1326 3171 v.
1343 3107 1417 3170 ἑπι-

241 3209 345 3293 ούξαι)
361 3213 482 3297 χαλεπὰ
496 3221 595 3280 ποιεῖν
610 3216 736 3297 νύκτωρ
751 3214 806 3278 καὶ
820 3215 966 3298 δορύβου
983 3215 1080 3285 ὅνιος.
1113 3213 1193 3296 Qua
1204 3211 1242 3278 in
1259 3209 1419 3278 oratione

241 3317 370 3388 Suidas
393 3318 522 3406 partim
545 3317 630 3386 iacit
654 3340 734 3385 curn
756 3317 872 3404 priore
893 3317 1023 3405 partim
1046 3340 1127 3384 cum
1151 3319 1260 3385 altera
1274 3315 1418 3384 familia.

243 3426 364 3494 Habet
391 3423 487 3492 enirn
512 3447 699 3493 commune
722 3447 803 3492 curn
826 3425 1057 3493 deterioribus
1080 3424 1168 3491 illud
1191 3433 1299 3500 ποιεῖν,
1323 3423 1418 3511 quod

243 3544 361 3600 tamen
379 3555 423 3598 ex
434 3533 502 3600 hac
515 3534 625 3600 classe
637 3530 825 3599 manifesto
837 3554 909 3600 non
921 3532 1036 3616 fluxit,
1048 3554 1132 3599 nam
1144 3531 1231 3600 satis
1243 3531 1420 3619 discrepat

242 3640 275 3706 h.
291 3641 312 3706 l.
329 3663 350 3706 a
373 3637 604 3707 deterioribus
627 3637 725 3706 libris
741 3638 870 3708 Suidas
887 3638 1092 3727 conspirans
1108 3661 1189 3705 cum
1204 3638 1418 3705 melioribus⁴

242 3747 508 3814 Verbumaorrlv
517 3768 580 3834 pro
588 3745 903 3832 interpretamento
912 3745 1066 3833 margini
1077 3745 1257 3832 archetypi
1268 3743 1420 3832 adscrip*

244 3862 319 3920 tum
336 3852 445 3920 luisse
460 3852 577 3940 quivis
592 3851 773 3941 perspicit:
790 3852 925 3921 Suidae
933 3853 1143 3943 exemplaris
1155 3863 1278 3920 auctor
1288 3851 1421 3940 recepit

243 3965 347 4027 ποιεῖν
369 3959 406 4027 in
432 3970 570 4027 textum
594 3970 677 4028 ante
699 3962 834 4045 νύκτωρ,
857 3961 1070 4028 deteriorum
1093 3960 1130 4026 in
1154 3959 1227 4027 fine
1250 3957 1420 4026 orationis
1454 4002 1456 4005 f

242 4065 363 4152 posuit
384 4075 491 4143 ποιεῖν,
513 4067 699 4135 meliorum
715 4066 867 4154 denique
881 4067 1043 4155 neglexit
1056 4067 1420 4155 interpretamentum.
1470 4105 1474 4114 κ

352 4177 410 4242 IV.
435 4178 465 4242 5.
491 4179 510 4240 8
536 4175 563 4242 C
585 4198 644 4262 pr,
673 4179 700 4241 B
732 4178 865 4260 περιιὼν
890 4179 961 4261 περὶ
993 4178 1031 4242 τὰ
1058 4179 1222 4261 ὑποζύγια,
1252 4180 1285 4244 εἴ
1300 4178 1364 4242 πού
1392 4199 1421 4242 τι

245 4279 337 4372 ὁρῴη
364 4283 491 4367 βρωτὸν
519 4284 658 4349 διεδίδου
686 4309 714 4349 κ.
735 4308 759 4350 τ.
779 4285 820 4366 b,
855 4294 917 4350 cet
947 4285 1086 4370 παριὼν
1114 4286 1172 4350 ἐπὶ
1199 4284 1236 4349 τὰ
1264 4285 1421 4372 ὑποζύγια

244 4389 330 4473 ἦπου
353 4389 450 4455 ποτὸν
473 4393 493 4474 ἢ
515 4390 642 4474 βρωτὸν
664 4387 766 4478 δρῴη,
789 4391 896 4456 ἐδίδου
918 4416 981 4458 ar.
997 4393 1036 4474 i.;
1060 4389 1156 4458 Suid.
1180 4390 1217 4479 (S.
1233 4414 1264 4458 v.
1280 4389 1419 4478 βρωτόν)
