3550 5166
827 428 1047 491 ..38-

351 639 477 721 παριὼν
504 641 553 704 ἐπὶ
575 639 612 702 τὰ
635 639 807 722 ὑποζύγια,
832 641 865 706 εἴ
881 635 912 704 τί
935 662 1003 705 που
1026 635 1113 727 ὁρῴη
1137 639 1261 724 βρωτὸν
1284 640 1391 704 ἐδίδου
1415 663 1442 704 κ.
1459 663 1484 704 τ.
1502 641 1526 704 λ.

352 744 442 811 Cum
466 743 698 811 deterioribus
721 742 853 812 Suidae
876 764 1064 810 commune
1086 755 1141 812 est
1162 746 1289 828 παριὼν
1304 746 1354 810 ἐπὶ
1369 754 1405 811 et
1421 746 1528 811 ἐδίδου

350 873 414 939 pro
441 849 626 918 meliorum
657 853 791 934 περιιὼν
818 861 854 918 et
883 853 1033 933 διεδίδου;
1067 862 1189 918 contra
1217 873 1298 917 cum
1325 850 1529 918 melioribus

350 958 459 1026 habet
490 962 522 1024 εἴ
543 959 606 1025 πού
634 984 667 1025 τι
694 956 803 1041 (Suid.
834 955 977 1037 quidem
1011 961 1044 1025 εἴ
1066 961 1095 1024 τί
1118 957 1197 1045 που)
1224 980 1288 1045 pro
1316 955 1529 1025 deteriorum

350 1065 442 1149 ἦπου
461 1075 497 1132 et
512 1062 646 1132 omittit
662 1086 743 1130 curn
758 1062 828 1130 illis
843 1066 941 1131 πότδν
956 1068 985 1149 ἥ.
1032 1065 1130 1151 Ergo
1146 1063 1279 1133 Suidae
1294 1063 1397 1132 lectio
1414 1086 1529 1150 neque

351 1171 396 1238 ad
411 1170 573 1239 meliores
589 1193 705 1258 neque
720 1171 766 1237 ad
781 1169 971 1239 deteriores
986 1169 1094 1238 libros
1109 1171 1309 1238 reducenda
1324 1182 1386 1256 est,
1409 1169 1529 1258 potius

352 1277 531 1345 communi
547 1278 738 1365 archetypo
756 1287 810 1345 est
825 1276 1042 1365 explicanda,
1066 1277 1103 1344 in
1120 1301 1189 1365 quo
1205 1277 1383 1363 lectiones,
1400 1277 1529 1365 quibus

351 1386 540 1452 concordat
562 1382 689 1451 Suidas
712 1406 793 1451 cum
809 1385 919 1451 altera
941 1384 1075 1452 familia
1091 1395 1213 1453 contra
1230 1387 1385 1468 alteram,
1410 1383 1528 1471 aliquo

291 1565 297 1578 .
351 1492 456 1558 modo
480 1503 582 1558 erant
603 1492 817 1559 obscuratae.

458 1601 502 1665 11.
528 1602 556 1664 6.
581 1602 622 1664 22
650 1599 728 1665 mel.
760 1600 796 1665 τδ
821 1589 850 1665 δ’
874 1601 997 1668 ἁπλοῦν
1028 1597 1143 1666 autito
1167 1592 1290 1684 α’λὴδὲς
1312 1601 1347 1666 τὸ
1371 1602 1460 1685 αὐτῷ
1482 1606 1529 1683 τῷ

350 1707 465 1790 ἠλιθίῳ
489 1708 579 1788 ainau
614 1706 684 1773 det.
707 1706 743 1771 τδ
768 1707 803 1772 δὲ
826 1708 946 1774 ἁπλοῦν
974 1733 1010 1774 τε
1031 1709 1086 1772 καὶ
1108 1708 1231 1790 ἠλίθιον
1254 1709 1412 1791 ἐνομίζετο
1435 1708 1530 1790 αὐτῷ

350 1810 469 1896 ἠλιδίῳ
496 1814 584 1895 rivom
619 1810 713 1878 Suid.
742 1813 781 1899 (ε,
803 1836 834 1880 ν.
858 1813 995 1900 Μένων)
1021 1815 1056 1879 τὸ
1085 1814 1121 1879 δέ
1148 1815 1268 1879 ἁπλοῦν
1300 1813 1357 1879 καὶ
1389 1813 1425 1878 τδ
1452 1815 1528 1897 ἀλη-

350 1920 408 1992 δὲς
434 1921 591 2004 ἐνομίζετο
626 1921 710 2008 αὐτῷ
735 1921 858 2004 ἠλίθιον
892 1913 978 1986 εἶναι.
1027 1921 1125 2004 Quas
1152 1918 1320 1986 lectiones
1348 1917 1409 2006 qui
1438 1940 1529 1985 com-

349 2024 535 2112 paraverit,
567 2026 665 2092 haud
693 2036 901 2092 cunctanter
926 2026 1096 2094 fatebitur
1118 2025 1250 2095 Suidae
1272 2024 1460 2093 lectionem
1483 2025 1527 2091 ad

349 2142 513 2200 neutram
536 2131 786 2220 Xenophontis
809 2131 977 2199 librorum
1001 2115 1149 2200 classem
1171 2132 1292 2217 redire,
1321 2153 1402 2198 cum
1424 2132 1529 2199 valde

351 2239 395 2305 ab
412 2250 561 2325 utraque
572 2237 687 2305 distet
735 2241 861 2324 Itaque
876 2237 1089 2327 accipiemus
1105 2260 1124 2305 e
1141 2237 1320 2305 communi
1336 2239 1528 2327 archetypo

351 2366 430 2412 eam
440 2367 613 2428 manasse,
624 2343 662 2410 in
676 2366 745 2431 quo
757 2343 845 2411 illud
858 2347 998 2431 ἠλίθιον,
1014 2346 1109 2432 quod
1121 2344 1241 2431 inepte
1252 2346 1423 2432 praebent
1434 2345 1529 2410 dete-

350 2450 467 2536 riores,
490 2473 554 2538 pro
576 2450 675 2519 varia
690 2450 841 2518 lectione
855 2450 1009 2538 margini
1026 2462 1102 2519 erat
1117 2452 1327 2518 adnotatum
1342 2452 1387 2517 ad
1403 2472 1527 2519 vocem

349 2561 479 2644 ἠλιδίῳ;
504 2560 597 2646 quod
621 2561 744 2645 ἠλίθιον
767 2557 980 2626 deteriorum
1004 2568 1126 2625 auctor
1149 2559 1238 2626 falso
1262 2557 1394 2645 recepit
1413 2580 1476 2647 pro
1490 2559 1527 2624 τδ

351 2668 480 2750 ἀληθές,
504 2665 689 2732 meliorum
704 2664 869 2732 librarius
888 2664 1061 2751 neglexit3
1086 2664 1145 2752 qui
1162 2663 1301 2753 scripsit
1317 2663 1482 2748 codicem,
1506 2687 1527 2732 a

351 2794 420 2860 quo
443 2773 575 2860 pendet
597 2771 766 2838 memoria
783 2771 963 2856 Suidiana,
986 2776 1112 2858 ἠλίθιον
1135 2771 1292 2860 reposuit
1314 2794 1378 2860 pro
1401 2775 1525 2857 ἠλιθίῳ.

460 2877 591 2948 Suidae
607 2879 787 2965 exemplar
797 2880 1099 2967 Xenophonteum
1114 2878 1227 2946 redire
1242 2880 1287 2945 ad
1303 2899 1527 2946 communem

351 2987 582 3073 archetypum
605 2973 695 3052 aliae
718 3007 857 3073 quoque
880 2984 1049 3053 lectiones
1072 2988 1332 3054 demonstrant:

459 3096 523 3158 III.
548 3098 576 3158 4.
601 3096 642 3158 37
666 3093 744 3158 mel.
761 3083 813 3177 ἐφ’
828 3096 879 3178 ἥν;
903 3093 970 3159 det
987 3097 1040 3178 ὑφ’
1057 3097 1104 3178 ἥν.
1149 3091 1245 3162 Suid.
1262 3098 1298 3172 (s.
1316 3117 1346 3160 v.
1364 3095 1526 3177 ἀκρῶνοξ)

258 3282 261 3292 ,
351 3203 398 3285 ἀφ
414 3200 460 3286 ἧς.
506 3197 545 3268 Si
561 3197 693 3267 Suidae
714 3199 893 3285 exemplar
916 3200 960 3265 ad
977 3198 1189 3267 deteriorum
1205 3220 1320 3286 genus
1335 3197 1527 3286 pertineret

351 3308 474 3375 eadem
501 3304 605 3372 lectio
632 3305 670 3371 in
704 3303 766 3371 illo
793 3315 977 3393 appareret
1003 3316 1110 3392 atque
1137 3305 1326 3373 deteriores
1356 3306 1527 3392 praebent

350 3413 438 3480 libri.
485 3417 611 3500 Neque
634 3410 729 3479 enim
751 3410 969 3499 perspicitur,
1002 3434 1064 3478 cur
1085 3423 1224 3480 mutata
1246 3411 1293 3480 sit
1315 3434 1399 3480 vera
1421 3410 1525 3479 lectio

350 3511 407 3605 ὑφ’
430 3523 470 3606 ἥν
497 3517 709 3587 deteriorum
740 3517 777 3586 in
805 3519 931 3585 falsam
962 3517 1060 3586 illam
1092 3522 1145 3604 ἀφ’
1170 3520 1216 3604 ἧς,
1248 3541 1355 3606 quam
1382 3516 1527 3585 exhibet

350 3625 483 3695 Suidae
516 3627 633 3694 codex.
689 3630 766 3692 Nec
800 3624 965 3714 cuiquam
1000 3637 1158 3692 occurret
1190 3627 1417 3712 depravatam
1450 3646 1526 3691 esse

351 3732 563 3800 deteriorum
594 3732 804 3819 scripturam
835 3731 872 3799 in
896 3731 1027 3800 Suidae
1050 3731 1184 3810 codice;
1215 3753 1321 3819 quam
1353 3728 1526 3798 rationem

350 3840 423 3908 iam
444 3862 507 3926 per
523 3862 560 3906 se
575 3862 647 3905 non
670 3837 887 3926 probabilem
911 3836 1070 3905 infirmat
1091 3838 1278 3906 meliorum
1299 3837 1412 3922 lectio,
1436 3861 1526 3926 quae

351 3949 476 4014 eodem
508 3949 584 4014 loco
615 3956 778 4034 corrupta
811 3955 871 4012 est
920 3946 1075 4012 Perbene
1106 3957 1227 4013 autem
1258 3967 1313 4012 res
1346 3945 1525 4013 communi

351 4051 537 4141 expeditur
559 4053 758 4140 archetypo,
781 4050 905 4138 inquo
929 4050 1047 4119 littera
1069 4050 1216 4120 initialis
1238 4050 1334 4119 illius
1348 4043 1406 4137 ὑφ’
1429 4053 1525 4120 haud

352 4159 424 4228 scio
439 4182 485 4227 an
501 4182 626 4246 parum
650 4161 743 4227 clara
758 4157 872 4242 ruerit,
895 4168 937 4225 ut
951 4157 1137 4226 meliorum
1159 4157 1273 4226 scriba
1287 4160 1376 4226 falso
1392 4159 1527 4246 legeret

352 4270 411 4352 ἐφ’,
435 4267 648 4334 deteriorum
670 4275 765 4333 recte
791 4269 864 4351 ὕφ’;
896 4264 1028 4336 Suidae
1051 4264 1181 4334 codicis
1204 4276 1326 4334 auctor
1349 4263 1437 4353 legit
1460 4267 1525 4349 ἀφ’,

351 4374 445 4461 quod
469 4385 591 4463 postea
615 4372 852 4440 coniecturam
876 4371 979 4441 duxit
1000 4373 1039 4458 ἧς
1061 4395 1124 4460 pro
1147 4373 1194 4459 ἦν.
