3550 5166
790 410 1013 471 ..10-

469 621 501 685 D
530 617 756 706 (Oxoniensis
778 616 991 685 Bodleianus
1016 622 1070 685 39.
1094 615 1225 684 saeculi
1246 620 1335 687 XIV
1358 618 1415 685 vel
1436 617 1488 685 in·

532 722 651 792 euntis
673 728 750 809 XV,
774 725 836 792 sed
851 724 935 792 inde
957 749 978 792 a
999 724 1088 793 libro
1104 725 1259 792 secundo
1276 725 1320 791 ad
1336 725 1487 791 alterum

534 854 649 919 genus
673 832 833 899 codicum
857 831 1013 919 accedit),

470 944 497 1006 B
533 938 725 1026 (Parisinus
738 937 993 1026 1641,scriptus
1005 940 1077 1006 iere
1089 939 1229 1006 saeculo
1238 941 1486 1026 XVexeunte),

470 1047 503 1112 A
537 1045 744 1133 (Vaticanus
768 1047 855 1132 987),

471 1153 503 1224 E
535 1151 759 1240 (Etonensis).

417 1259 563 1328 Codices
595 1259 739 1326 omnino
771 1261 844 1326 fere
874 1260 1028 1346 pendere
1061 1281 1082 1324 a
1112 1257 1201 1326 libro
1239 1259 1266 1326 C
1298 1258 1366 1326 viri
1394 1259 1487 1327 docti

310 1377 526 1451 asseverant;
554 1378 733 1455 postremo
756 1388 840 1433 vero
864 1367 940 1432 loco
963 1366 1169 1433 habendum
1192 1388 1268 1433 esse
1292 1367 1364 1433 cod.
1389 1367 1429 1436 E.
1439 1367 1461 1454 ¹)

418 1473 573 1542 Alterius
598 1471 738 1560 generis
761 1472 897 1539 codices
921 1482 1007 1539 sunt
1029 1471 1244 1559 gravissimi:

473 1584 509 1647 H
534 1578 1489 1667 (GuelferbytanussaeculiXV,quemBreitenbachius

534 1685 719 1774 egregium
735 1685 820 1754 iacit
841 1696 969 1753 testem
984 1685 1091 1752 huius
1107 1685 1236 1754 classis.
1282 1689 1382 1754 Idem
1398 1708 1489 1774 quae

537 1817 557 1860 a
581 1791 767 1860 Dindoriio
790 1814 862 1860 non
886 1803 980 1859 recte
1002 1802 1087 1859 sunt
1109 1794 1220 1860 relata
1243 1794 1287 1860 de
1309 1793 1377 1860 hoc
1398 1791 1488 1860 libro

536 1902 592 1967 vel
616 1899 870 1987 praetermissa,
898 1901 965 1966 sub
994 1900 1125 1966 calcem
1152 1899 1380 1988 praelationis
1404 1922 1488 1967 suae

535 2007 698 2094 collegit),
1190 2066 1194 2080 ,

472 2119 504 2180 D
535 2115 659 2201 (Oxon.
685 2115 780 2180 Bodl.
805 2136 867 2201 per
889 2113 996 2180 libros
1020 2116 1195 2201 II-VII),

472 2225 498 2306 I,
534 2225 577 2305 K,
602 2225 632 2292 L
656 2219 852 2310 (Vaticani),

473 2328 511 2411 F,
536 2329 569 2395 G
594 2325 793 2413 (Vaticani),

473 2439 500 2500 P
536 2433 747 2520 (Parisinus).

327 2547 328 2552 ’
420 2544 518 2608 Duas
551 2539 701 2607 discerni
730 2539 890 2606 codicum
922 2539 1075 2607 iamilias
1102 2540 1175 2607 iam
1202 2538 1284 2606 dixi.
1308 2539 1380 2609 Sed
1403 2539 1489 2606 Din-

313 2648 446 2716 doriius
481 2670 561 2715 cum
594 2670 688 2714 anno
721 2651 804 2713 1825
833 2648 953 2714 ederet
973 2646 1165 2732 Anabasin‚
1191 2656 1354 2714 'normam
1382 2647 1490 2715 intro-

314 2755 417 2823 duxit
439 2755 476 2822 in
501 2755 605 2822 crisin
629 2753 736 2821 huius
759 2753 849 2838 libri,
873 2764 914 2820 ut
937 2753 998 2821 ubi
1022 2776 1109 2821 sana
1124 2753 1262 2822 ratione
1277 2753 1354 2821 fieri
1370 2765 1490 2842 posset

314 2884 395 2929 cum
426 2861 612 2929 meliorum
644 2861 814 2928 libromm
843 2860 1039 2944 consensui,
1073 2871 1150 2928 tum
1177 2859 1238 2928 ubi
1266 2859 1304 2927 hi
1331 2860 1425 2928 inter
1452 2883 1489 2927 se

314 2968 551 3052 dissentirent,
574 2966 709 3055 primae
723 2967 845 3034 manui
862 2969 890 3036 C
906 2967 1035 3034 codicis
1051 2970 1359 3055 obtemperaretur,
1384 2989 1490 3056 quam

314 3077 463 3143 eandem
474 3076 546 3141 iere
562 3073 735 3141 rationem
750 3075 861 3141 secuti
874 3086 959 3141 sunt
972 3079 1239 3142 Bomemannus
1247 3081 1270 3156 ²)
1283 3085 1319 3142 et
1330 3075 1489 3163 Poppo.³)

314 3183 444 3250 Contra
489 3182 526 3250 C.
560 3183 602 3249 G.
635 3183 873 3268 Kruegerus⁴)
918 3181 1064 3269 sprevit¹
1095 3181 1293 3248 meliorum
1329 3180 1490 3248 codicum

315 3288 492 3373 lectiones,
521 3311 612 3376 quae
638 3287 855 3375 vulgaribus,
883 3287 919 3354 id
943 3299 998 3356 est
1021 3286 1260 3372 deterioribus
1282 3310 1355 3354 non
1378 3287 1490 3356 mani·

314 3398 404 3464 feste
431 3407 549 3462 essent
571 3393 851 3482 praestantiores.
899 3399 1035 3462 Rursus
1059 3393 1235 3462 Dindoriii
1258 3393 1412 3482 vestigia
1439 3393 1491 3460 in-

315 3524 457 3590 gressus
484 3501 823 3590 estHertleinius15),
852 3501 921 3568 nisi
950 3503 1043 3588 quod
1072 3523 1143 3567 non
1171 3524 1249 3568 raro
1277 3500 1489 3569 deteriorum

315 3609 474 3676 codicum
486 3607 675 3695 scripturas
687 3607 898 3676 lectionibus
910 3607 1035 3696 prioris
1046 3607 1200 3675 familiae
1212 3630 1293 3675 cum
1305 3612 1489 3695 Kruegero

315 3716 489 3803 praetulit
537 3714 676 3783 Deinde
692 3717 905 3783 Kuehnerus
925 3714 1129 3783 melioribus
1149 3713 1247 3782 libris
1263 3714 1350 3782 etin
1367 3713 1489 3803 primis

426 3919 450 3996 ¹)
472 3919 580 3995 Itaque
605 3919 672 3976 cod.
689 3918 715 3975 E
737 3918 949 4019 neglegendus·
970 3926 1024 3986 est,
1053 3919 1078 3975 si
1105 3935 1166 3976 non
1190 3917 1332 3976 meliores
1356 3919 1490 3994 sequitur

315 4009 418 4076 hbms'
424 4009 1051 4172 2782111818εῗίθῗέἰιῖἶξὲῗιηῖἱᾝρὲιῖἒνίῐ
1062 4095 1288 4154 Bomemannus
1300 4095 1381 4172 Lips.
1397 4094 1490 4156 1825.

424 4181 451 4265 ³)
475 4185 627 4261 Popponis
650 4185 722 4242 edit
748 4183 842 4244 1827.

424 4270 452 4354 4)
474 4274 510 4332 ln
533 4275 604 4334 edit.
628 4273 699 4331 Hal.
721 4274 788 4331 Sax.
814 4271 908 4333 1826.

426 4359 453 4445 5)
476 4363 532 4420 Ed.
556 4364 652 4439 prima
679 4361 772 4431 1847,
795 4363 883 4422 tertia
910 4360 1003 4422 1857.
