3550 5166
747 411 968 471 ..41-

266 620 423 687 multum
445 619 530 688 facit
552 621 597 688 ad
621 641 695 686 rem
717 629 885 702 nostram,
907 639 996 685 num
1018 627 1203 705 peccatum
1226 615 1272 685 sit
1295 642 1315 685 a
1335 617 1444 686 Suida

268 748 314 794 an
339 750 360 794 a
383 725 533 794 librariis
556 725 640 810 eiuS,
669 747 749 792 cnm
772 735 892 793 nostra
919 723 1074 792 maxime
1100 721 1240 791 intersit
1263 726 1444 811 explorare

267 833 372 921 quale
394 831 501 900 fuerit
522 833 702 919 exemplar
724 831 944 901 Suidianum.

375 941 431 1007 Ad
461 941 749 1027 cognoscendum
772 949 900 1023 autem,
924 937 1052 1026 quibus
1075 936 1161 1005 locis
1185 941 1346 1006 consulto
1368 960 1444 1005 mu-

267 1045 397 1115 taverit
431 1044 702 1134 lexicographus
737 1084 782 1096 -
821 1068 906 1113 nam
939 1045 1002 1113 vix
1034 1046 1253 1113 monendum
1287 1045 1443 1122 arbitror,

267 1153 418 1221 Suidam
439 1155 576 1220 fontem
591 1174 697 1220 suum
712 1151 790 1220 sine
804 1153 1014 1219 mendorum
1030 1153 1087 1220 vel
1104 1151 1229 1219 erroris
1245 1150 1444 1239 suspicione

267 1258 501 1347 descripsisse,
525 1270 566 1326 ut
587 1259 774 1327 hominum
795 1257 1069 1343 Byzantinorum
1091 1258 1278 1346 ingenium
1301 1260 1345 1327 ab
1370 1269 1444 1326 arte

269 1365 389 1434 critica
411 1365 685 1434 remotissimum
701 1365 770 1435 luit
784 1405 826 1416 -
842 1367 1040 1433 luculenter
1054 1388 1119 1433 nos
1135 1364 1327 1449 adiuvabit,
1350 1368 1443 1454 quod

267 1473 340 1540 iam
363 1496 470 1563 supra
494 1475 537 1541 de
560 1472 692 1542 Snidae
716 1472 925 1560 excerpendi
949 1471 1086 1540 ratione
1101 1471 1215 1541 edocti
1232 1494 1363 1557 sumus,
1387 1473 1443 1538 cui

267 1590 448 1669 praeterea
475 1581 540 1648 has
567 1580 686 1668 potius
714 1579 974 1648 vindicabimus
1000 1577 1179 1664 lectiones,
1206 1601 1312 1667 quam
1335 1589 1377 1646 ut
1400 1581 1443 1646 ad

268 1685 509 1774 lexicographi
534 1689 713 1776 exemplar
736 1687 953 1773 delegemus:

376 1797 401 1860 I.
419 1798 447 1860 5.
468 1799 507 1861 10
530 1794 586 1860 Ad
602 1794 864 1882 Xenophontea
884 1795 1046 1878 διφθέρας
1066 1780 1106 1871 ἃς
1128 1786 1218 1878 εἶχον
1241 1795 1445 1879 στεγάσματα

269 1899 492 1986 ἐπίμπλασαν
514 1899 629 1991 χόρτου
651 1899 788 1985 κου’·φου,
814 1903 884 1967 εἶτα
907 1905 1045 1989 συνῆγον
1059 1898 1116 1965 καὶ
1132 1898 1301 1968 συνέσπων
1316 1899 1445 1967 adiecit

267 2006 395 2074 Suidas
429 2007 468 2095 (s,
498 2032 529 2075 v.
563 2004 689 2096 κάρφη)
722 2004 785 2088 τάς
821 2006 991 2090 διφθέρας,
1026 2005 1119 2092 quod
1154 2007 1200 2072 ad
1230 2004 1444 2074 sententiam

266 2114 501 2200 supplendam
524 2136 607 2180 enm
629 2113 752 2182 iecisse
775 2114 988 2205 putabimus,
1012 2114 1072 2202 qui
1092 2135 1177 2182 usus
1193 2112 1325 2182 Suidae
1340 2113 1444 2180 valde

265 2219 337 2287 ruit
358 2219 540 2288 familiaris
564 2223 621 2308 (cl.
637 2245 669 2309 p.
690 2227 750 2305 17).

376 2329 484 2394 Haud
512 2326 651 2395 diverso
680 2327 826 2396 consilio
854 2332 914 2398 1V.
939 2333 968 2396 5.
993 2334 1047 2394 27Ἰ
1069 2327 1195 2396 Suidas
1222 2327 1261 2415 (.
1283 2353 1314 2395 v.
1342 2327 1444 2414 μυζεῖ)

268 2435 313 2500 ad
337 2437 391 2500 καὶ
412 2432 498 2502 πάνυ
522 2438 661 2520 ἄκρατος
682 2437 722 2521 ἦν
738 2434 864 2503 ascivit
884 2458 904 2502 e
920 2433 1089 2503 contextu
1105 2439 1124 2501 ὁ
1141 2439 1237 2518 οῖνος;
1262 2456 1334 2501 non
1351 2445 1444 2502 recte

266 2539 514 2609 iudicaverunt
541 2539 608 2610 viri
634 2541 728 2609 docti
759 2541 932 2611 eSuidae
960 2542 1048 2609 libro
1072 2545 1091 2608 ὁ
1114 2545 1199 2615 οἶνος
1226 2563 1303 2608 esse
1326 2541 1445 2608 rescri-

267 2648 432 2715 bendum.
479 2646 610 2734 Liquet
634 2647 731 2714 enim
753 2648 830 2716 sine
853 2648 914 2715 illo
938 2647 1180 2717 additamento
1203 2649 1444 2734 fragmentum

266 2751 481 2821 Suidiannm
503 2777 575 2821 non
599 2777 676 2822 esse
698 2753 931 2842 perspicuum
1395 2813 1397 2818 ,

374 2864 450 2927 Nec
487 2859 707 2929 considerate
744 2860 811 2929 viri
844 2860 939 2930 docti
974 2859 1011 2929 in
1049 2873 1150 2929 textu
1183 2862 1443 2949 Xenophonteo

268 2970 328 3036 1V.
353 2972 381 3034 2.
406 2972 448 3033 22
476 2970 530 3035 καὶ
558 2969 618 3054 γὰρ
647 2972 732 3050 οἶνος
758 2970 857 3042 πολὺς
884 2971 931 3054 ἦν,
959 2972 1043 3037 ὥστε
1070 2973 1104 3036 ἓν
1130 2966 1263 3042 λάκκοις
1289 2976 1444 3048 κονιατοῖς

268 3077 354 3159 εἶχον
381 3096 400 3140 e
427 3072 578 3142 lectione
605 3073 737 3143 Suidae
765 3078 809 3164 (v.
832 3079 1086 3163 κεκονιαμένοις)
1114 3080 1201 3156 οἶνος
1224 3077 1259 3142 δὲ
1281 3077 1329 3162 ἦν,
1352 3080 1389 3142 ὃν
1412 3079 1445 3143 ἐν

266 3177 398 3254 λάκκοις
429 3190 584 3262 κονιατοῖς
614 3186 698 3268 εἶχον
729 3204 793 3270 pro
822 3185 904 3249 ὥστε
935 3182 1119 3250 restituere
1151 3184 1365 3250 studuerunt
1393 3185 1443 3265 ὅν;

267 3285 431 3374 equidem
443 3310 515 3354 non
528 3287 661 3373 dubito,
677 3288 762 3376 quin
775 3287 1055 3378 lexicographus,
1069 3310 1149 3356 cum
1162 3287 1319 3357 omiserit
1330 3292 1442 3372 πολύς,

267 3393 362 3481 quod
393 3394 639 3462 consuetudini
666 3395 742 3462 eius
770 3394 1019 3482 imputandum
1042 3407 1105 3480 est,
1135 3396 1229 3463 bona
1256 3417 1362 3463 causa
1385 3417 1445 3481 po-

267 3499 378 3568 suerit
401 3503 439 3567 ὅν
459 3523 523 3589 pro
547 3503 635 3569 ὥστε.

375 3611 467 3674 Item
501 3611 560 3676 IV.
592 3612 620 3674 2.
650 3613 669 3674 2
707 3607 892 3678 brevitatis
926 3631 1032 3677 causa
1065 3607 1266 3677 exaravisse
1296 3607 1444 3678 Suidam

268 3713 307 3799 (S.
324 3737 355 3781 v.
378 3719 576 3801 προσέχοιεν)
603 3719 698 3802 ταύτῃ
727 3739 791 3805 pro
818 3719 914 3802 ταύτῃ
942 3725 980 3802 τῇ
1007 3719 1079 3801 ὀδῷ
1104 3715 1142 3783 in
1170 3718 1357 3806 propatulo
1381 3725 1442 3783 est.

173 3811 176 3816 ’
376 3825 481 3889 Porro
508 3844 599 3910 quae
626 3823 797 3909 leguntur
823 3825 918 3912 apud
946 3827 1035 3891 Xen.
1060 3826 1086 3890 1.
1111 3827 1141 3891 9.
1169 3827 1208 3889 16
1231 3823 1305 3908 περὶ
1327 3825 1444 3896 παντὸς

267 3930 402 3996 ἐποιεῖτο
428 3934 559 4012 τούτους
587 3934 842 4021 πλουσιωτέρους
868 3941 970 4001 ποιεῖν
997 3934 1091 4019 apud
1118 3931 1212 3999 Suid.
1245 3931 1285 4019 (s.
1310 3955 1341 3998 v.
1366 3932 1444 4016 περὶ

266 4037 395 4116 παντός)
420 4031 471 4102 ita
492 4038 699 4124 reperimus:
722 4041 742 4104 ὀ
766 4041 801 4105 dl
823 4041 935 4124 Κῦρος
954 4041 1033 4119 τοὺς
1054 4041 1197 4118 ὀικαίους
1222 4041 1294 4123 περὶ
1320 4039 1444 4120 παντὸς

268 4144 399 4210 ἐποιεῖτο
426 4145 596 4217 πλουσίους
621 4153 727 4212 ποιεῖν.
774 4149 830 4211 Ne
852 4145 921 4212 hoc
943 4145 1086 4233 quidem
1109 4146 1185 4213 loeo
1209 4143 1340 4212 sentire
1363 4143 1446 4211 licet

266 4250 437 4322 πλουσίους
458 4248 587 4336 legisse
610 4250 758 4318 Suidam
781 4250 817 4318 in
842 4251 1033 4340 exemplari
1049 4274 1123 4318 suo.
1168 4254 1262 4318 Nam
1278 4272 1359 4318 cum
1376 4251 1444 4318 alia

267 4355 460 4424 mutaverit
494 4355 530 4423 in
565 4355 632 4423 hac
666 4356 842 4426 sententia
875 4359 1136 4448 Xenophontea
1170 4399 1211 4410 -
1245 4357 1333 4425 illud
1361 4361 1380 4425 ὁ
1411 4360 1445 4426 δὲ
