3550 5166
805 421 1028 484 ...22-

326 629 376 699 sic
400 630 495 718 apud
517 629 665 710 Suidam
688 641 887 699 recurrunt:
922 633 977 698 καλ
999 633 1191 718 γεῤῥαφόροι
1215 632 1336 697 ὁπλῖται
1359 632 1506 716 ἐχόμενοι
1565 670 1567 676 ,

324 741 445 804 τούτων
467 738 524 804 σὺν
546 740 698 823 ποδήρεσι
720 740 775 805 καὶ
798 741 933 814 ξυλίναις
956 741 1088 814 ἀσπίσιν,
1124 759 1215 825 quae
1241 737 1338 804 haud
1367 736 1440 804 scio
1456 758 1502 804 an

324 842 546 911 librariorum
568 842 674 911 errori
698 845 900 912 debeantur.

432 949 552 1020 Etiam
577 953 602 1018 I.
627 956 655 1017 4.
680 955 700 1016 9
729 973 753 1018 s.
778 975 809 1019 v.
838 952 948 1024 Χάλος
980 949 1185 1018 immutavit
1216 960 1354 1018 textum
1385 953 1508 1017 Xeno·
1604 1035 1608 1040 Δ

323 1058 522 1144 phonteum
543 1078 607 1144 pro
631 1060 681 1124 ἐπὶ
702 1059 756 1124 τὸν
771 1059 884 1125 Χάλον
906 1059 1060 1143 ποταμὸν,
1084 1061 1159 1124 ὄπα
1181 1058 1217 1124 τὸ
1237 1057 1329 1146 εὖρος
1350 1059 1507 1143 πλέιλροα,

324 1167 429 1250 πλήρη
459 1155 621 1250 δ’ἷχθύων
648 1191 677 1230 κ.
697 1191 722 1229 τ.
742 1167 770 1232 λ.
797 1185 934 1250 ponens
957 1165 1252 1249 Χάλος.ποταμὸς,
1285 1163 1323 1232 οὗ
1350 1165 1386 1230 τὸ
1410 1164 1510 1249 εὖρος

325 1273 477 1356 alatum,
500 1273 623 1356 πλήρης
644 1273 769 1356 ἰχθύων
791 1298 820 1336 ιι.
836 1274 901 1338 αλ
948 1268 1078 1339 Suidas
1102 1269 1222 1338 omnia
1237 1269 1274 1336 in
1291 1268 1505 1338 nominativi

325 1378 475 1443 formam
499 1374 681 1460 convertit,
705 1378 799 1464 quod
823 1398 905 1443 eum
930 1378 1041 1444 solere
1064 1376 1101 1444 iu
1125 1375 1331 1444 nominibus
1353 1375 1508 1465 propriis

326 1481 543 1570 explicandis
559 1483 741 1550 declarant
756 1485 823 1550 1.4.
840 1489 866 1550 1.
883 1507 939 1550 vv.
961 1485 1071 1569 Φάρος
1086 1494 1122 1551 et
1137 1486 1306 1569 Πύραμος,
1322 1482 1359 1549 in
1375 1483 1508 1571 quibus

326 1611 390 1677 pro
425 1587 636 1657 accusativis
665 1592 777 1674 Φάρον
811 1601 848 1657 et
878 1590 1038 1678 Πύραμον
1070 1588 1290 1658 nominativo
1325 1611 1411 1657 usus
1441 1600 1504 1658 est

326 1695 465 1764 Deinde
479 1695 517 1762 in
534 1693 596 1762 illo
611 1697 772 1783 exemplo
795 1718 867 1763 non
885 1695 1041 1763 mutavit
1064 1699 1139 1763 ὄντα
1154 1694 1191 1762 in
1208 1699 1264 1780 ὤν,
1287 1697 1349 1762 sed
1365 1693 1509 1784 scripsit.

326 1803 365 1871 αὖ
380 1805 416 1869 τὸ
431 1803 533 1888 εὖρος,
557 1803 651 1890 quod
675 1801 783 1871 etiam
805 1801 842 1870 in
860 1801 1100 1891 superioribus
1123 1827 1179 1870 vv.
1201 1805 1312 1887 Φάρος
1334 1812 1370 1870 et
1391 1803 1509 1891 Πύρα-

326 1937 388 1996 μος
411 1949 453 1960 -
477 1908 514 1976 in
537 1908 595 1976 his
618 1908 746 1997 glossis
769 1931 789 1976 e
808 1909 1049 1996 Xenophonte
1072 1907 1201 1997 petivit
1224 1909 1263 1976 οὗ
1285 1910 1322 1975 τὸ
1344 1910 1438 1994 εὖρος
1461 1949 1504 1958 -

327 2027 537 2103 usurpatum
560 2015 592 2083 ei
616 2017 734 2084 adhuc
756 2027 832 2083 erat
854 2005 891 2082 in
916 2026 1093 2104 promptu.

433 2124 504 2193 Sed
532 2121 619 2190 satis
646 2122 760 2189 multa
788 2124 949 2208 exempla
979 2122 1140 2190 attulisse
1162 2121 1256 2188 mihi
1284 2120 1414 2190 videor.
1461 2124 1505 2189 In

325 2229 532 2298 universum
564 2229 794 2296 statuendum
828 2239 883 2295 est
916 2251 988 2295 non
1026 2229 1218 2296 admodum
1250 2227 1395 2295 difficile
1428 2250 1511 2296 esse

325 2336 510 2422 indagare,
548 2334 677 2422 quibus
714 2333 800 2402 locis
836 2336 1013 2402 consulto·
1032 2334 1225 2403 mutaverit
1259 2333 1401 2419 suidas,
1440 2357 1508 2402 nec

326 2441 429 2510 facile
458 2440 644 2529 quisquam
673 2442 739 2508 hos
770 2442 866 2508 locos
894 2439 1040 2509 mutilos
1069 2441 1203 2509 auctori
1232 2442 1376 2508 reddere
1404 2463 1509 2508 cona·

328 2548 432 2616 bitur.
480 2550 690 2636 Plerumque
705 2547 812 2616 etiam
829 2545 983 2614 dilucide
1007 2558 1153 2635 apparet
1168 2569 1276 2634 quam
1298 2549 1343 2616 ob
1362 2569 1508 2615 causam

327 2656 590 2743 Xenophontea
605 2678 677 2723 non
694 2655 903 2722 adverbum
919 2652 956 2721 in
974 2656 1190 2722 collectanea
1206 2652 1378 2723 Suidiana
1395 2665 1510 2722 trans·

327 2761 569 2850 migraverint
618 2760 807 2848 Praecipue
840 2761 1095 2848 grammaticus
1125 2759 1353 2828 abbreviandi
1387 2759 1510 2828 studio

330 2869 626 2952 commovebatur,
641 2878 684 2934 ut
698 2868 854 2934 demeret
869 2869 977 2935 verba
992 2869 1049 2934 vel
1067 2867 1298 2935 contraheret.
1337 2869 1505 2934 Attamen

328 2973 522 3042 maximam
545 2974 700 3041 habebat
723 2995 852 3058 curam,
875 2985 917 3040 ut
940 2984 1105 3063 excerpta
1128 2985 1227 3041 extra
1250 2971 1410 3040 ordinem
1433 2994 1511 3040 ora-

330 3079 437 3148 tionis
459 3077 576 3167 posita
591 3081 682 3147 bene
704 3077 865 3167 intellegi
882 3091 1036 3167 possent
1084 3079 1232 3148 Minime
1247 3078 1358 3167 igitur
1374 3079 1512 3147 deside-

329 3198 427 3254 ratur
448 3207 550 3254 mens
577 3209 618 3254 ac
645 3186 735 3254 ratio
758 3186 795 3253 in
819 3185 951 3256 Suidae
979 3185 1189 3274 excerpendi
1217 3209 1284 3254 usu
1312 3197 1349 3254 et
1375 3185 1511 3274 ubique

330 3294 445 3359 elucet
457 3292 749 3382 lexicographum
758 3292 890 3360 tenoris
903 3291 1100 3361 sententiae
1112 3292 1245 3381 optime
1257 3315 1333 3360 esse
1345 3315 1508 3381 gnarum,

332 3397 477 3466 omnino
500 3397 537 3466 in
561 3398 811 3487 Xenophontis
833 3399 991 3467 Anabasi
1015 3422 1087 3466 non
1112 3422 1188 3467 esse
1210 3398 1445 3487 peregrinum.

823 3754 941 3840 caput
965 3755 1019 3824 lv.

438 3899 545 3962 Nunc
573 3896 618 3963 ad
646 3918 719 3963 rem
749 3897 955 3964 accedentes
986 3894 1213 3983 inquiremus,
1247 3893 1302 3963 cui
1332 3893 1422 3962 libro
1449 3897 1508 3964 vel

334 4000 390 4068 cui
424 4000 594 4070 librorum
628 4001 750 4089 generi
776 4001 1026 4089 Xenophontis
1062 4012 1189 4086 textus
1224 4024 1329 4089 quem
1363 4001 1508 4069 exhibet

333 4107 471 4191 SuidaS,
495 4107 687 4174 consimilis
710 4106 911 4196 reperiatur.
922 4107 944 4197 ¹)
990 4113 1072 4176 Non
1096 4110 1201 4195 plane
1229 4106 1404 4176 diversam
1431 4130 1513 4176 esse

445 4283 467 4372 ¹)
491 4291 562 4358 Qua
577 4291 608 4348 in
624 4290 880 4349 commentatione
895 4292 1044 4350 rationem
1060 4292 1153 4350 habui
1168 4291 1309 4352 editionis
1325 4292 1512 4350 oxoniensis

327 4377 493 4448 Dindorfii,
508 4379 744 4455 locupletissimo
762 4387 867 4438 ornata
879 4387 1035 4456 apparatu,
1051 4399 1111 4456 qno
1125 4399 1142 4438 e
1154 4381 1230 4439 libro
1244 4381 1337 4439 etiam
1348 4399 1512 4440 numerum
