3550 5166
774 469 996 532 -21-
1086 557 1089 564 ,

285 683 353 770 τῆς
379 676 491 764 χιόνος
516 679 594 759 τοὺς
622 669 816 768 ἀφθαλμοάς
844 682 935 747 οἵτε
957 676 1022 747 ἀπὸ
1044 687 1103 747 τοῦ
1134 681 1263 766 ψύχους
1292 678 1366 758 τοὺς
1390 681 1469 746 δακ-

292 788 410 866 τύλους
434 789 501 852 τῶν
528 787 646 853 ποδῶν
674 774 929 870 ἀποσεσηπότεςς
959 784 1145 854 continuos
1169 795 1289 852 autem
1312 783 1467 872 quinque

291 914 417 960 versus
453 901 616 959 accurate
644 890 842 978 exscripsit,
877 903 918 960 ut
947 903 1032 959 sunt
1059 891 1154 979 apud
1181 891 1466 982 Xenophontem.

400 1002 483 1066 Non
506 996 765 1085 Xenophontis,
793 998 855 1065 sed
883 998 958 1066 suis
980 997 1091 1086 ipsius
1114 997 1231 1066 verbis
1255 990 1467 1065 conditionis

285 1105 409 1173 reddit
434 1103 609 1171 rationem
637 1107 681 1172 11.
703 1109 733 1171 2.
755 1109 773 1170 8
795 1127 820 1172 s,
841 1129 872 1172 v.
897 1103 1053 1196 συνθήκη,
1085 1126 1191 1193 quem
1217 1105 1335 1171 locum
1359 1103 1469 1192 elegit

290 1210 421 1280 ¹Suidas
445 1212 489 1278 ad
505 1211 755 1278 illustrandum
774 1212 898 1278 foedus
914 1213 1071 1279 solemne
1087 1234 1127 1279 ac
1143 1209 1208 1278 rite
1225 1211 1466 1298 compositum.

292 1319 492 1386 Introducit
514 1316 609 1385 enim
632 1319 834 1405 exemplum
850 1316 965 1386 verbis
990 1309 1020 1386 οἱ
1043 1321 1078 1384 δὲ
1101 1311 1158 1386 σύν
1175 1315 1272 1408 Κύρῳ
1289 1309 1470 1404 ἀναβάντες

278 1417 434 1511 Ἕλληνες
447 1419 538 1514 πράς
554 1425 690 1515 Πέρσας
712 1423 877 1515 συνθήκας
892 1427 1012 1510 ἔθεντο,
1037 1445 1127 1513 quae
1147 1447 1219 1491 non
1235 1423 1468 1492 inveniuntur

287 1534 388 1618 apud
403 1533 692 1619 Xenophontem;
716 1553 831 1618 neque
854 1530 942 1598 illud
957 1530 1114 1623 σινθήκη,
1138 1526 1232 1619 quod
1249 1529 1285 1598 in
1301 1532 1467 1598 lemmate

271 1637 420 1725 posuit,
443 1637 575 1705 ibidem
597 1637 736 1726 legitur.

400 1747 584 1812 Interdum
608 1747 653 1812 ad
676 1743 786 1812 finem
809 1743 1038 1812 festinantius
1061 1743 1248 1832 decerpsit:
1276 1746 1332 1810 Ita
1352 1747 1468 1812 Xeno-

287 1851 439 1940 phontis
468 1851 535 1918 loci
564 1854 623 1922 IV.
646 1857 674 1918 5.
697 1855 739 1918 36
767 1905 774 1918 .
798 1904 805 1917 .
830 1904 836 1917 .
863 1849 1010 1920 διδάσκει
1040 1842 1058 1918 ὃ
1084 1848 1264 1939 κωμάρχης
1287 1851 1369 1941 περὶ
1390 1854 1467 1932 τοὺς

293 1957 434 2040 πόδας.
461 2012 467 2027 .
493 2011 500 2024 .
525 1961 622 2026 σακία
646 1960 820 2043 περιειλεῖν
843 2009 849 2024 .
875 2009 881 2022 .
906 2009 912 2022 .
936 2010 945 2039 ,
971 1946 1046 2025 ἀνευ
1069 1951 1132 2046 γὰρ
1148 1961 1215 2024 τῶν
1232 1957 1358 2024 σακίων
1373 1984 1467 2026 κατε-

286 2067 409 2132 δύοντο
432 2065 526 2154 μέχρι
547 2071 607 2152 τῆς
629 2062 769 2153 γαστρός
791 2063 943 2151 priorem
964 2073 1103 2150 partem
1118 2061 1244 2130 iisdem
1260 2062 1376 2131 verbis
1391 2086 1468 2150 pro-

290 2173 361 2237 fert
373 2192 414 2237 ac
426 2181 511 2237 sunt
525 2169 562 2237 in
578 2168 744 2255 Anabasi,
760 2193 851 2258 quae
862 2193 946 2238 vero
962 2171 1125 2238 voculam
1142 2160 1220 2238 ἷίνεν
1233 2168 1468 2257 insequuntur

287 2275 472 2344 contraxit
493 2277 531 2343 in
556 2273 612 2345 dui
635 2271 671 2344 τὸ
694 2271 739 2368 μη
764 2275 1002 2346 καταδύεσθαι.

399 2381 533 2453 Similis
557 2393 612 2451 est
635 2383 775 2471 generis
799 2370 858 2453 IV.
877 2389 904 2450 8.
922 2389 974 2468 20,
998 2405 1104 2472 quem
1126 2385 1243 2450 locum
1263 2381 1359 2453 Suid.
1376 2383 1413 2470 (s.
1434 2407 1465 2452 v.

287 2487 413 2581 σμήνη)
441 2488 492 2556 ita
519 2489 664 2575 rettulit,
693 2501 734 2557 ut
765 2491 926 2576 exemplo
955 2489 1195 2577 praemitteret
1222 2487 1467 2576 explicationis

287 2618 400 2664 causa
433 2601 476 2670 εἰς
498 2598 644 2682 Κόλχους
671 2599 872 2683 ἐμβαλόντες,
901 2607 971 2664 tres
997 2595 1124 2663 deinde
1151 2617 1274 2662 versus
1302 2596 1345 2661 ab
1374 2599 1468 2664 οὐδὲν

289 2725 406 2790 usque
433 2705 478 2770 ad
504 2705 557 2770 καλ
584 2707 689 2789 ἤμουν
717 2702 882 2770 omnibus
916 2701 1089 2790 expressit
1115 2701 1240 2786 verbis,
1274 2702 1467 2770 novissima

287 2821 414 2876 autem
441 2832 513 2876 non
542 2809 664 2876 lectori
694 2808 763 2876 nisi
791 2808 946 2878 breviter
973 2807 1179 2896 explanavit
1207 2807 1378 2875 scribens:
1414 2813 1468 2875 καὶ

288 2919 416 2984 ἔκειντο
426 2919 545 2984 πολλοὶ
556 2918 611 2984 καὶ
621 2925 663 3002 τῇ
672 2919 818 3001 ὑστεραίᾳ
828 2919 990 2983 ἀνίσταντο
1003 2919 1123 3003 ὥσπερ
1136 2919 1171 2982 ἐκ
1181 2918 1466 3001 φαρμακοποσίας.

401 3023 640 3096 Luculentum
656 3021 833 3109 specimen
853 3020 1047 3088 industriae
1060 3023 1206 3108 praebet
1220 3046 1252 3089 v.
1269 3025 1466 3108 ἀλεξόμενον,

291 3129 355 3196 ubi
389 3152 479 3217 quae
510 3128 639 3216 scripta
672 3138 756 3196 sunt
785 3127 822 3195 in
854 3131 944 3195 Xen.
967 3129 1079 3196 Anab.
1111 3131 1137 3194 l.
1162 3133 1190 3194 9.
1218 3133 1254 3194 ll
1289 3131 1344 3195 καὶ
1373 3130 1468 3214 εὐχὴν

288 3237 332 3304 δέ
358 3263 439 3309 τινες
466 3239 563 3303 αὐτοῦ
592 3237 743 3321 ἐξέφερον
770 3239 817 3309 ὡς
844 3238 967 3320 εὔχοιτο
993 3243 1146 3303 τοσοῦτον
1173 3237 1290 3323 χρόνον
1318 3237 1374 3322 ξῆν
1402 3239 1467 3301 ἔστε

291 3340 390 3432 νικῴη
418 3368 448 3412 κ.
469 3369 493 3408 τ.
513 3345 538 3408 λ.
570 3341 835 3410 transformavit
868 3340 905 3409 in
937 3345 1043 3427 εὔχετο
1074 3344 1109 3408 δὲ
1136 3345 1155 3408 d
1182 3343 1293 3426 Κῦρος
1318 3350 1468 3409 τοσοῦτον

292 3453 431 3536 ὑπερζῆν
454 3453 521 3516 ἔστε
543 3450 644 3535 νικῴη
667 3476 697 3514 κ.
715 3476 740 3514 τ.
760 3451 786 3514 λ.
831 3447 1048 3515 Nuntiatum
1070 3450 1124 3516 καλ
1145 3451 1241 3534 εάχλχν
1271 3488 1314 3496 -
1346 3452 1466 3533 εὔχοιτο

288 3555 401 3623 'libere
418 3555 616 3623 decurtavit
635 3556 673 3622 in
695 3559 801 3640 εὔχετο
819 3557 862 3639 δέ,
886 3555 930 3622 de
945 3577 1010 3622 suo
1026 3553 1162 3638 deinde,
1186 3564 1228 3620 ut
1243 3556 1339 3638 solet,
1363 3554 1467 3620 inter-

292 3661 413 3748 posuit
439 3684 568 3730 nomen
598 3661 687 3747 Cyri,
720 3661 871 3750 denique
902 3684 922 3728 e
949 3661 1065 3729 verbis
1092 3670 1242 3728 τοσοῦτον
1268 3663 1384 3746 χρόνον
1411 3665 1468 3744 ζῆν

286 3768 377 3837 lecit
399 3778 552 3837 τοσοῦτον
574 3773 720 3853 ὑπερζῆν.

401 3876 622 3945 Vocabulum
637 3874 874 3962 Byzantinum
902 3875 1059 3964 genuino
1083 3873 1305 3944 substititum
1327 3871 1467 3941 invenis

287 3982 389 4070 apud
427 3981 575 4051 Suidam
613 4005 638 4050 s.
673 4007 707 4051 v.
748 3984 884 4076 δασμός,
927 4003 998 4068 quo
1036 3982 1112 4049 loco
1153 4003 1217 4068 pro
1255 3983 1469 4048 ἐννεακαίδεκα

293 4088 543 4174 Xenophontis
566 4092 626 4159 1v.
651 4093 680 4156 5.
705 4093 746 4155 24
771 4099 956 4156 exaratum
978 4098 1032 4156 est
1056 4090 1218 4154 δεκαεπτά.
1337 4157 1338 4160 ,

334 4185 337 4189 ’
403 4198 548 4272 Prorsus
559 4205 739 4263 mutatum
755 4206 861 4282 atque
873 4196 1108 4261 deformatum
1122 4192 1255 4280 legitur
1265 4196 1467 4281 exemplum

292 4299 391 4368 vocis
407 4303 539 4386 γέῤῥοιν.
585 4302 846 4389 Xenophontea
868 4301 964 4368 enim
988 4305 1013 4368 Ι.
1031 4306 1058 4367 8.
1076 4305 1096 4367 9
1120 4303 1267 4385 ἐχόμενοι
1290 4302 1325 4369 δὲ
1347 4304 1468 4369 τούτων

288 4410 497 4500 χεῤῥοφόροι,
531 4409 674 4492 ἐχόμενοι
706 4409 740 4472 δὲ
763 4409 882 4474 ὁπλῖται
913 4409 970 4473 σὺν
1000 4409 1151 4492 ποδήρεσι
1179 4409 1313 4484 ξυλίναις
1345 4410 1469 4473 ἀσπίσιν
